Symbol,Sequence,Price,ExchangeCode,Size,Tick,Change,DayVolume,DayTurnover,Direction,Time,RawFlags,IsETH,Scope,Date
AAPL,96524,163.2582,D,300.0,2,-2.7617,7017222.0,1148575400.0,0,2022-05-05 13:41:13.484,0,0,0,2022-05-05
AAPL,15,163.27,A,200.0,2,-2.82,5013.0,819727.2,0,2022-05-05 13:39:07.210,0,0,1,2022-05-05
AAPL,31,163.1,B,100.0,1,-2.91,6587.0,1078974.66,0,2022-05-05 13:39:46.792,0,0,1,2022-05-05
AAPL,22,163.0,C,100.0,2,-3.06,5407.0,884531.85,0,2022-05-05 13:38:23.392,0,0,1,2022-05-05
AAPL,5477,163.2582,D,300.0,2,-2.8817,2514423.0,411690470.0,0,2022-05-05 13:41:13.484,0,0,1,2022-05-05
AAPL,394,163.18,H,100.0,1,-2.76,51160.0,8352550.3,0,2022-05-05 13:41:09.688,0,0,1,2022-05-05
AAPL,0,,I,0.0,0,,0.0,,0,1970-01-01 00:00:00.000,0,0,1,1970-01-01
AAPL,1237,163.26,J,100.0,1,-2.88,166912.0,27287678.0,0,2022-05-05 13:41:11.819,0,0,1,2022-05-05
AAPL,2300,163.26,K,100.0,1,-2.7,478462.0,78331046.0,0,2022-05-05 13:41:13.021,0,0,1,2022-05-05
AAPL,0,162.2,L,154.0,2,0.0,0.0,,0,2022-04-29 13:32:42.795,0,0,1,2022-04-29
AAPL,11,163.38,M,200.0,2,-2.56,2267.0,371126.19,0,2022-05-05 13:33:06.070,0,0,1,2022-05-05
AAPL,427,163.29,N,100.0,2,-2.65,62222.0,10167311.5,0,2022-05-05 13:41:12.146,0,0,1,2022-05-05
AAPL,3263,163.26,P,100.0,1,-2.87,715293.0,117190436.0,0,2022-05-05 13:41:13.363,0,0,1,2022-05-05
AAPL,6017,163.25,Q,100.0,2,-2.76,2136463.0,349628650.0,0,2022-05-05 13:41:13.019,0,0,1,2022-05-05
AAPL,1347,163.25,U,100.0,2,-2.85,180407.0,29487266.0,0,2022-05-05 13:41:13.010,0,0,1,2022-05-05
AAPL,925,163.155,V,200.0,2,-2.994,163676.0,26767368.0,0,2022-05-05 13:41:10.059,0,0,1,2022-05-05
AAPL,0,,W,0.0,0,,0.0,,0,1970-01-01 00:00:00.000,0,0,1,1970-01-01
AAPL,113,163.21,X,100.0,1,-2.87,22234.0,3635232.1,0,2022-05-05 13:41:05.243,0,0,1,2022-05-05
AAPL,75,163.29,Y,100.0,1,-2.85,19645.0,3214195.3,0,2022-05-05 13:40:52.659,0,0,1,2022-05-05
AAPL,2836,163.25,Z,100.0,2,-2.78,487051.0,79668836.0,0,2022-05-05 13:41:13.010,0,0,1,2022-05-05
AAPL,5481,163.2299,D,250.0,1,-2.91,2516588.0,412043870.0,0,2022-05-05 13:41:13.892,0,0,1,2022-05-05
AAPL,96544,163.2299,D,250.0,1,-2.79,7019733.0,1148985280.0,0,2022-05-05 13:41:13.892,0,0,0,2022-05-05
AAPL,926,163.24,V,100.0,1,-2.9,163776.0,26783692.0,0,2022-05-05 13:41:13.721,0,0,1,2022-05-05
AAPL,6018,163.24,Q,100.0,2,-2.77,2136564.0,349645140.0,0,2022-05-05 13:41:13.722,0,0,1,2022-05-05
AAPL,1347,163.25,U,100.0,2,-2.85,180507.0,29503589.0,0,2022-05-05 13:41:13.010,0,0,1,2022-05-05
AAPL,2300,163.26,K,100.0,1,-2.7,478492.0,78335943.0,0,2022-05-05 13:41:13.021,0,0,1,2022-05-05
AAPL,2836,163.25,Z,100.0,2,-2.78,487066.0,79671284.0,0,2022-05-05 13:41:13.010,0,0,1,2022-05-05
AAPL,5483,163.245,D,1600.0,1,-2.894,2518559.0,412365620.0,0,2022-05-05 13:41:13.543,0,0,1,2022-05-05
AAPL,96598,163.21,U,100.0,2,-2.8,7023678.0,1149629220.0,0,2022-05-05 13:41:14.365,0,0,0,2022-05-05
AAPL,6021,163.21,Q,100.0,2,-2.8,2137095.0,349731810.0,0,2022-05-05 13:41:14.365,0,0,1,2022-05-05
AAPL,2838,163.21,Z,100.0,2,-2.82,487451.0,79734123.0,0,2022-05-05 13:41:14.364,0,0,1,2022-05-05
AAPL,2301,163.22,K,100.0,2,-2.74,478671.0,78365159.0,0,2022-05-05 13:41:14.351,0,0,1,2022-05-05
AAPL,396,163.21,H,100.0,2,-2.73,51360.0,8385193.3,0,2022-05-05 13:41:14.364,0,0,1,2022-05-05
AAPL,3266,163.22,P,100.0,2,-2.91,715872.0,117284938.0,0,2022-05-05 13:41:14.351,0,0,1,2022-05-05
AAPL,1348,163.21,U,100.0,2,-2.89,180607.0,29519910.0,0,2022-05-05 13:41:14.365,0,0,1,2022-05-05
AAPL,2301,163.22,K,100.0,2,-2.74,478701.0,78370055.0,0,2022-05-05 13:41:14.351,0,0,1,2022-05-05
AAPL,96600,163.21,U,100.0,2,-2.8,7023711.0,1149634600.0,0,2022-05-05 13:41:14.365,0,0,0,2022-05-05
AAPL,5483,163.245,D,1600.0,1,-2.894,2518562.0,412366110.0,0,2022-05-05 13:41:13.543,0,0,1,2022-05-05
AAPL,2304,163.18,K,100.0,2,-2.78,479016.0,78421460.0,0,2022-05-05 13:41:14.819,0,0,1,2022-05-05
AAPL,96641,163.1789,D,100.0,2,-2.841,7025533.0,1149931930.0,0,2022-05-05 13:41:14.927,0,0,0,2022-05-05
AAPL,3272,163.18,P,100.0,2,-2.95,716477.0,117383667.0,0,2022-05-05 13:41:14.819,0,0,1,2022-05-05
AAPL,6025,163.19,Q,100.0,2,-2.82,2137572.0,349809650.0,0,2022-05-05 13:41:14.809,0,0,1,2022-05-05
AAPL,2841,163.18,Z,100.0,2,-2.85,487775.0,79786996.0,0,2022-05-05 13:41:14.819,0,0,1,2022-05-05
AAPL,5484,163.1789,D,100.0,2,-2.961,2518663.0,412382590.0,0,2022-05-05 13:41:14.927,0,0,1,2022-05-05
AAPL,6033,163.17,Q,100.0,2,-2.84,2138740.0,350000230.0,0,2022-05-05 13:41:15.308,0,0,1,2022-05-05
AAPL,3279,163.18,P,182.0,1,-2.95,717407.0,117535417.0,0,2022-05-05 13:41:15.460,0,0,1,2022-05-05
AAPL,2845,163.17,Z,100.0,2,-2.86,488451.0,79897300.0,0,2022-05-05 13:41:15.308,0,0,1,2022-05-05
AAPL,2307,163.17,K,100.0,2,-2.79,479556.0,78509572.0,0,2022-05-05 13:41:15.308,0,0,1,2022-05-05
AAPL,96732,163.18,P,182.0,1,-2.83,7029912.0,1150646460.0,0,2022-05-05 13:41:15.460,0,0,0,2022-05-05
AAPL,5489,163.1789,D,100.0,1,-2.961,2519598.0,412535150.0,0,2022-05-05 13:41:15.423,0,0,1,2022-05-05
AAPL,927,163.17,V,100.0,2,-2.97,163876.0,26800009.0,0,2022-05-05 13:41:15.307,0,0,1,2022-05-05
AAPL,1348,163.21,U,100.0,2,-2.89,180637.0,29524805.0,0,2022-05-05 13:41:14.365,0,0,1,2022-05-05
AAPL,5490,163.192,D,500.0,1,-2.947,2520098.0,412616750.0,0,2022-05-05 13:41:15.609,0,0,1,2022-05-05
AAPL,96734,163.192,D,500.0,1,-2.827,7030412.0,1150728050.0,0,2022-05-05 13:41:15.609,0,0,0,2022-05-05
AAPL,5491,163.2,D,100.0,1,-2.93,2520317.0,412652490.0,0,2022-05-05 13:41:15.852,0,0,1,2022-05-05
AAPL,96742,163.2,D,100.0,1,-2.81,7030631.0,1150763790.0,0,2022-05-05 13:41:15.852,0,0,0,2022-05-05
AAPL,5496,163.205,D,200.0,1,-2.934,2521120.0,412783540.0,0,2022-05-05 13:41:16.443,0,0,1,2022-05-05
AAPL,96763,163.205,D,200.0,1,-2.814,7031676.0,1150934340.0,0,2022-05-05 13:41:16.443,0,0,0,2022-05-05
AAPL,397,163.2,H,100.0,2,-2.74,51474.0,8403798.1,0,2022-05-05 13:41:16.282,0,0,1,2022-05-05
AAPL,6033,163.17,Q,100.0,2,-2.84,2138780.0,350006760.0,0,2022-05-05 13:41:15.308,0,0,1,2022-05-05
AAPL,2845,163.17,Z,100.0,2,-2.86,488453.0,79897626.0,0,2022-05-05 13:41:15.308,0,0,1,2022-05-05
AAPL,113,163.21,X,100.0,1,-2.87,22320.0,3649267.3,0,2022-05-05 13:41:05.243,0,0,1,2022-05-05
AAPL,5496,163.205,D,200.0,1,-2.934,2521183.0,412793820.0,0,2022-05-05 13:41:16.443,0,0,1,2022-05-05
AAPL,96783,163.23,Z,100.0,1,-2.78,7032249.0,1151027870.0,0,2022-05-05 13:41:17.020,0,0,0,2022-05-05
AAPL,31,163.1,B,100.0,1,-2.91,6589.0,1079301.08,0,2022-05-05 13:39:46.792,0,0,1,2022-05-05
AAPL,6035,163.23,Q,100.0,1,-2.78,2139012.0,350044630.0,0,2022-05-05 13:41:17.021,0,0,1,2022-05-05
AAPL,2307,163.17,K,100.0,2,-2.79,479609.0,78518222.0,0,2022-05-05 13:41:15.308,0,0,1,2022-05-05
AAPL,397,163.2,H,100.0,2,-2.74,51494.0,8407062.6,0,2022-05-05 13:41:16.282,0,0,1,2022-05-05
AAPL,927,163.17,V,100.0,2,-2.97,163879.0,26800499.0,0,2022-05-05 13:41:15.307,0,0,1,2022-05-05
AAPL,2846,163.23,Z,100.0,1,-2.8,488653.0,79930272.0,0,2022-05-05 13:41:17.020,0,0,1,2022-05-05
AAPL,5498,163.18,D,1500.0,2,-2.95,2522885.0,413071560.0,0,2022-05-05 13:41:17.565,0,0,1,2022-05-05
AAPL,96796,163.17,Q,100.0,2,-2.84,7034383.0,1151376100.0,0,2022-05-05 13:41:17.576,0,0,0,2022-05-05
AAPL,6038,163.17,Q,100.0,2,-2.84,2139444.0,350115120.0,0,2022-05-05 13:41:17.576,0,0,1,2022-05-05
AAPL,5499,163.1899,D,300.0,1,-2.95,2523274.0,413135040.0,0,2022-05-05 13:41:17.758,0,0,1,2022-05-05
AAPL,96799,163.1899,D,300.0,1,-2.83,7034772.0,1151439580.0,0,2022-05-05 13:41:17.758,0,0,0,2022-05-05
AAPL,930,163.21,V,100.0,1,-2.93,164279.0,26865780.0,0,2022-05-05 13:41:18.193,0,0,1,2022-05-05
AAPL,5504,163.21,D,100.0,1,-2.92,2523874.0,413232960.0,0,2022-05-05 13:41:18.193,0,0,1,2022-05-05
AAPL,96830,163.2,P,100.0,2,-2.81,7036273.0,1151684550.0,0,2022-05-05 13:41:18.598,0,0,0,2022-05-05
AAPL,6039,163.21,Q,100.0,1,-2.8,2139544.0,350131440.0,0,2022-05-05 13:41:18.193,0,0,1,2022-05-05
AAPL,3282,163.2,P,100.0,2,-2.93,717708.0,117584542.0,0,2022-05-05 13:41:18.598,0,0,1,2022-05-05
AAPL,2847,163.2,Z,100.0,2,-2.83,488753.0,79946592.0,0,2022-05-05 13:41:18.598,0,0,1,2022-05-05
AAPL,6040,163.19,Q,100.0,2,-2.82,2139644.0,350147760.0,0,2022-05-05 13:41:18.600,0,0,1,2022-05-05
AAPL,96832,163.19,Q,100.0,2,-2.82,7036373.0,1151700870.0,0,2022-05-05 13:41:18.600,0,0,0,2022-05-05
AAPL,5506,163.17,D,1000.0,2,-2.96,2525124.0,413436930.0,0,2022-05-05 13:41:19.005,0,0,1,2022-05-05
AAPL,96862,163.15,H,100.0,2,-2.86,7039424.0,1152198710.0,0,2022-05-05 13:41:19.098,0,0,0,2022-05-05
AAPL,6043,163.17,Q,100.0,2,-2.84,2140245.0,350245830.0,0,2022-05-05 13:41:18.976,0,0,1,2022-05-05
AAPL,2849,163.18,Z,100.0,2,-2.85,489053.0,79995546.0,0,2022-05-05 13:41:18.822,0,0,1,2022-05-05
AAPL,2309,163.16,K,100.0,2,-2.8,479909.0,78567174.0,0,2022-05-05 13:41:19.048,0,0,1,2022-05-05
AAPL,3285,163.15,P,100.0,2,-2.98,718108.0,117649810.0,0,2022-05-05 13:41:19.081,0,0,1,2022-05-05
AAPL,400,163.16,H,100.0,1,-2.78,51794.0,8456010.6,0,2022-05-05 13:41:19.103,0,0,1,2022-05-05
AAPL,5508,163.195,D,1000.0,1,-2.944,2526724.0,413698010.0,0,2022-05-05 13:41:17.930,0,0,1,2022-05-05
AAPL,96870,163.16,U,100.0,2,-2.85,7041224.0,1152492420.0,0,2022-05-05 13:41:19.103,0,0,0,2022-05-05
AAPL,96883,163.17,D,104.0,2,-2.84,7042412.0,1152686280.0,0,2022-05-05 13:41:19.489,0,0,0,2022-05-05
AAPL,1349,163.16,U,100.0,2,-2.94,180737.0,29541121.0,0,2022-05-05 13:41:19.103,0,0,1,2022-05-05
AAPL,5512,163.17,D,104.0,2,-2.96,2527759.0,413866900.0,0,2022-05-05 13:41:19.489,0,0,1,2022-05-05
AAPL,930,163.21,V,100.0,1,-2.93,164332.0,26874429.0,0,2022-05-05 13:41:18.193,0,0,1,2022-05-05
AAPL,6044,163.18,Q,100.0,1,-2.83,2140345.0,350262150.0,0,2022-05-05 13:41:19.456,0,0,1,2022-05-05
AAPL,5514,163.175,D,100.0,2,-2.964,2528000.0,413906220.0,0,2022-05-05 13:41:19.718,0,0,1,2022-05-05
AAPL,96918,163.2,Z,100.0,1,-2.81,7043704.0,1152897110.0,0,2022-05-05 13:41:20.070,0,0,0,2022-05-05
AAPL,1352,163.18,U,100.0,1,-2.92,181043.0,29591052.0,0,2022-05-05 13:41:19.871,0,0,1,2022-05-05
AAPL,402,163.17,H,100.0,1,-2.77,52028.0,8494193.4,0,2022-05-05 13:41:19.897,0,0,1,2022-05-05
AAPL,2310,163.17,K,100.0,1,-2.79,480009.0,78583491.0,0,2022-05-05 13:41:19.703,0,0,1,2022-05-05
AAPL,6045,163.18,Q,100.0,1,-2.83,2140550.0,350295600.0,0,2022-05-05 13:41:19.870,0,0,1,2022-05-05
AAPL,2851,163.2,Z,100.0,1,-2.83,489253.0,80028186.0,0,2022-05-05 13:41:20.070,0,0,1,2022-05-05
AAPL,113,163.21,X,100.0,1,-2.87,22326.0,3650246.5,0,2022-05-05 13:41:05.243,0,0,1,2022-05-05
AAPL,5514,163.175,D,100.0,2,-2.964,2528127.0,413926950.0,0,2022-05-05 13:41:19.718,0,0,1,2022-05-05
AAPL,96937,163.18,U,100.0,2,-2.83,7044331.0,1152999430.0,0,2022-05-05 13:41:20.448,0,0,0,2022-05-05
AAPL,6046,163.19,Q,100.0,1,-2.82,2140650.0,350311920.0,0,2022-05-05 13:41:20.318,0,0,1,2022-05-05
AAPL,3286,163.19,P,100.0,1,-2.94,718208.0,117666129.0,0,2022-05-05 13:41:20.318,0,0,1,2022-05-05
AAPL,2853,163.19,Z,100.0,2,-2.84,489453.0,80060824.0,0,2022-05-05 13:41:20.318,0,0,1,2022-05-05
AAPL,1353,163.18,U,100.0,1,-2.92,181143.0,29607370.0,0,2022-05-05 13:41:20.448,0,0,1,2022-05-05
AAPL,5515,163.18,D,200.0,1,-2.95,2528391.0,413970030.0,0,2022-05-05 13:41:20.637,0,0,1,2022-05-05
AAPL,96943,163.18,D,200.0,2,-2.83,7044595.0,1153042510.0,0,2022-05-05 13:41:20.637,0,0,0,2022-05-05
AAPL,5520,163.23,D,100.0,2,-2.9,2534908.0,415033940.0,0,2022-05-05 13:41:21.403,0,0,1,2022-05-05
AAPL,97148,163.24,J,100.0,1,-2.77,7061366.0,1155780160.0,0,2022-05-05 13:41:21.583,0,0,0,2022-05-05
AAPL,2321,163.23,K,100.0,2,-2.73,482102.0,78925119.0,0,2022-05-05 13:41:21.403,0,0,1,2022-05-05
AAPL,3306,163.22,P,100.0,2,-2.91,720272.0,118003032.0,0,2022-05-05 13:41:21.411,0,0,1,2022-05-05
AAPL,6060,163.23,Q,100.0,1,-2.78,2142255.0,350573910.0,0,2022-05-05 13:41:21.413,0,0,1,2022-05-05
AAPL,1361,163.22,U,100.0,2,-2.88,182123.0,29767340.0,0,2022-05-05 13:41:21.412,0,0,1,2022-05-05
AAPL,2871,163.22,Z,100.0,2,-2.81,491303.0,80362800.0,0,2022-05-05 13:41:21.410,0,0,1,2022-05-05
AAPL,1243,163.24,J,100.0,1,-2.9,167649.0,27407978.0,0,2022-05-05 13:41:21.583,0,0,1,2022-05-05
AAPL,75,163.29,Y,100.0,1,-2.85,19670.0,3218276.1,0,2022-05-05 13:40:52.659,0,0,1,2022-05-05
AAPL,430,163.23,N,100.0,2,-2.71,62522.0,10216281.5,0,2022-05-05 13:41:21.403,0,0,1,2022-05-05
AAPL,933,163.23,V,100.0,1,-2.91,164832.0,26956044.0,0,2022-05-05 13:41:21.402,0,0,1,2022-05-05
AAPL,114,163.23,X,100.0,1,-2.85,22426.0,3666569.5,0,2022-05-05 13:41:21.406,0,0,1,2022-05-05
AAPL,5520,163.23,D,100.0,2,-2.9,2535032.0,415054180.0,0,2022-05-05 13:41:21.403,0,0,1,2022-05-05
AAPL,97158,163.27,J,300.0,1,-2.74,7061802.0,1155851340.0,0,2022-05-05 13:41:22.027,0,0,0,2022-05-05
AAPL,31,163.1,B,100.0,1,-2.91,6599.0,1080933.48,0,2022-05-05 13:39:46.792,0,0,1,2022-05-05
AAPL,1244,163.27,J,300.0,1,-2.87,167949.0,27456959.0,0,2022-05-05 13:41:22.027,0,0,1,2022-05-05
AAPL,2871,163.22,Z,100.0,2,-2.81,491305.0,80363126.0,0,2022-05-05 13:41:21.410,0,0,1,2022-05-05
AAPL,2322,163.28,K,300.0,1,-2.68,482402.0,78974103.0,0,2022-05-05 13:41:22.131,0,0,1,2022-05-05
AAPL,97168,163.29,D,200.0,1,-2.72,7062337.0,1155938700.0,0,2022-05-05 13:41:22.563,0,0,0,2022-05-05
AAPL,5521,163.29,D,200.0,1,-2.84,2535267.0,415092550.0,0,2022-05-05 13:41:22.563,0,0,1,2022-05-05
AAPL,6068,163.33,Q,100.0,1,-2.68,2143055.0,350704550.0,0,2022-05-05 13:41:23.062,0,0,1,2022-05-05
AAPL,1245,163.28,J,100.0,1,-2.86,168049.0,27473287.0,0,2022-05-05 13:41:22.635,0,0,1,2022-05-05
AAPL,1363,163.31,U,100.0,1,-2.79,182323.0,29799999.0,0,2022-05-05 13:41:22.923,0,0,1,2022-05-05
AAPL,97220,163.33,Q,100.0,1,-2.68,7064928.0,1156361820.0,0,2022-05-05 13:41:23.062,0,0,0,2022-05-05
AAPL,5522,163.314,D,100.0,1,-2.825,2535453.0,415122930.0,0,2022-05-05 13:41:22.959,0,0,1,2022-05-05
AAPL,2874,163.31,Z,100.0,1,-2.72,491605.0,80412117.0,0,2022-05-05 13:41:22.923,0,0,1,2022-05-05
AAPL,2323,163.3,K,600.0,1,-2.66,483052.0,79080248.0,0,2022-05-05 13:41:22.763,0,0,1,2022-05-05
AAPL,3309,163.31,P,100.0,1,-2.82,720627.0,118061008.0,0,2022-05-05 13:41:22.923,0,0,1,2022-05-05
AAPL,5525,163.32,D,500.0,2,-2.81,2536840.0,415349470.0,0,2022-05-05 13:41:23.492,0,0,1,2022-05-05
AAPL,97236,163.32,D,500.0,2,-2.69,7066415.0,1156604690.0,0,2022-05-05 13:41:23.492,0,0,0,2022-05-05
AAPL,6068,163.33,Q,100.0,1,-2.68,2143155.0,350720880.0,0,2022-05-05 13:41:23.062,0,0,1,2022-05-05
AAPL,5530,163.32,D,500.0,2,-2.81,2538294.0,415586950.0,0,2022-05-05 13:41:24.048,0,0,1,2022-05-05
AAPL,97323,163.31,U,100.0,2,-2.7,7071640.0,1157458040.0,0,2022-05-05 13:41:24.076,0,0,0,2022-05-05
AAPL,1246,163.32,J,200.0,1,-2.82,168298.0,27513953.0,0,2022-05-05 13:41:24.048,0,0,1,2022-05-05
AAPL,934,163.32,V,100.0,1,-2.82,164932.0,26972376.0,0,2022-05-05 13:41:24.048,0,0,1,2022-05-05
AAPL,6077,163.31,Q,100.0,2,-2.7,2144543.0,350947570.0,0,2022-05-05 13:41:24.076,0,0,1,2022-05-05
AAPL,2324,163.32,K,200.0,1,-2.64,483318.0,79123690.0,0,2022-05-05 13:41:24.050,0,0,1,2022-05-05
AAPL,2878,163.32,Z,100.0,1,-2.71,492134.0,80498513.0,0,2022-05-05 13:41:24.054,0,0,1,2022-05-05
AAPL,1366,163.31,U,100.0,2,-2.79,182659.0,29854872.0,0,2022-05-05 13:41:24.076,0,0,1,2022-05-05
AAPL,75,163.29,Y,100.0,1,-2.85,19773.0,3235097.9,0,2022-05-05 13:40:52.659,0,0,1,2022-05-05
AAPL,431,163.32,N,100.0,1,-2.62,62622.0,10232613.5,0,2022-05-05 13:41:24.050,0,0,1,2022-05-05
AAPL,3316,163.31,P,100.0,2,-2.82,721327.0,118175331.0,0,2022-05-05 13:41:24.075,0,0,1,2022-05-05
AAPL,5534,163.3,D,700.0,1,-2.83,2541957.0,416185120.0,0,2022-05-05 13:41:24.507,0,0,1,2022-05-05
AAPL,97420,163.3,D,700.0,1,-2.71,7078721.0,1158614380.0,0,2022-05-05 13:41:24.507,0,0,0,2022-05-05
AAPL,6086,163.31,Q,100.0,1,-2.7,2145724.0,351140430.0,0,2022-05-05 13:41:24.370,0,0,1,2022-05-05
AAPL,1367,163.3,U,100.0,2,-2.8,182933.0,29899618.0,0,2022-05-05 13:41:24.223,0,0,1,2022-05-05
AAPL,1248,163.3,J,100.0,2,-2.84,168498.0,27546615.0,0,2022-05-05 13:41:24.357,0,0,1,2022-05-05
AAPL,114,163.23,X,100.0,1,-2.85,22467.0,3673265.2,0,2022-05-05 13:41:21.406,0,0,1,2022-05-05
AAPL,3327,163.29,P,100.0,2,-2.84,722427.0,118354960.0,0,2022-05-05 13:41:24.344,0,0,1,2022-05-05
AAPL,2327,163.31,K,100.0,1,-2.65,483736.0,79191952.0,0,2022-05-05 13:41:24.370,0,0,1,2022-05-05
AAPL,2879,163.3,Z,100.0,2,-2.73,492334.0,80531173.0,0,2022-05-05 13:41:24.224,0,0,1,2022-05-05
AAPL,934,163.32,V,100.0,1,-2.82,164936.0,26973029.0,0,2022-05-05 13:41:24.048,0,0,1,2022-05-05
AAPL,5535,163.29,D,1600.0,2,-2.84,2543582.0,416450470.0,0,2022-05-05 13:41:24.608,0,0,1,2022-05-05
AAPL,97423,163.29,D,1600.0,2,-2.72,7080346.0,1158879730.0,0,2022-05-05 13:41:24.608,0,0,0,2022-05-05
AAPL,1249,163.29,J,100.0,2,-2.85,168598.0,27562944.0,0,2022-05-05 13:41:24.706,0,0,1,2022-05-05
AAPL,97426,163.29,J,100.0,2,-2.72,7080447.0,1158896220.0,0,2022-05-05 13:41:24.706,0,0,0,2022-05-05
AAPL,5535,163.29,D,1600.0,2,-2.84,2543583.0,416450630.0,0,2022-05-05 13:41:24.608,0,0,1,2022-05-05
AAPL,3333,163.3,P,100.0,1,-2.83,723127.0,118469266.0,0,2022-05-05 13:41:25.373,0,0,1,2022-05-05
AAPL,97476,163.28,Q,100.0,2,-2.73,7083673.0,1159423000.0,0,2022-05-05 13:41:25.552,0,0,0,2022-05-05
AAPL,6089,163.28,Q,100.0,2,-2.73,2146124.0,351205740.0,0,2022-05-05 13:41:25.552,0,0,1,2022-05-05
AAPL,5539,163.29,D,100.0,1,-2.84,2544909.0,416667150.0,0,2022-05-05 13:41:25.254,0,0,1,2022-05-05
AAPL,2880,163.29,Z,100.0,2,-2.74,492434.0,80547502.0,0,2022-05-05 13:41:25.189,0,0,1,2022-05-05
AAPL,1370,163.29,U,100.0,2,-2.81,183233.0,29948605.0,0,2022-05-05 13:41:25.198,0,0,1,2022-05-05
AAPL,1250,163.29,J,100.0,2,-2.85,168698.0,27579273.0,0,2022-05-05 13:41:25.198,0,0,1,2022-05-05
AAPL,432,163.3,N,200.0,2,-2.64,62822.0,10265273.5,0,2022-05-05 13:41:25.374,0,0,1,2022-05-05
AAPL,2328,163.3,K,100.0,2,-2.66,483836.0,79208282.0,0,2022-05-05 13:41:25.374,0,0,1,2022-05-05
AAPL,6095,163.21,Q,100.0,2,-2.8,2147008.0,351350030.0,0,2022-05-05 13:41:25.898,0,0,1,2022-05-05
AAPL,97548,163.2101,D,300.0,2,-2.8098,7087218.0,1160001630.0,0,2022-05-05 13:41:26.086,0,0,0,2022-05-05
AAPL,1371,163.25,U,100.0,2,-2.85,183433.0,29981257.0,0,2022-05-05 13:41:25.651,0,0,1,2022-05-05
AAPL,2881,163.22,Z,100.0,2,-2.81,492618.0,80577539.0,0,2022-05-05 13:41:26.044,0,0,1,2022-05-05
AAPL,433,163.27,N,100.0,2,-2.67,62922.0,10281600.5,0,2022-05-05 13:41:25.632,0,0,1,2022-05-05
AAPL,3336,163.21,P,100.0,2,-2.92,723628.0,118551045.0,0,2022-05-05 13:41:25.792,0,0,1,2022-05-05
AAPL,2329,163.22,K,100.0,2,-2.74,483993.0,79233908.0,0,2022-05-05 13:41:25.786,0,0,1,2022-05-05
AAPL,5542,163.2244,D,100.0,1,-2.9155,2545428.0,416751860.0,0,2022-05-05 13:41:26.095,0,0,1,2022-05-05
AAPL,407,163.21,H,163.0,2,-2.73,53128.0,8673725.4,0,2022-05-05 13:41:25.793,0,0,1,2022-05-05
AAPL,97550,163.2244,D,100.0,1,-2.7955,7087318.0,1160017960.0,0,2022-05-05 13:41:26.095,0,0,0,2022-05-05
AAPL,5546,163.24,D,100.0,2,-2.89,2546331.0,416899280.0,0,2022-05-05 13:41:26.493,0,0,1,2022-05-05
AAPL,97575,163.24,Q,100.0,2,-2.77,7088916.0,1160278820.0,0,2022-05-05 13:41:26.497,0,0,0,2022-05-05
AAPL,2884,163.24,Z,100.0,1,-2.79,492918.0,80626510.0,0,2022-05-05 13:41:26.492,0,0,1,2022-05-05
AAPL,3338,163.24,P,100.0,1,-2.89,723828.0,118583693.0,0,2022-05-05 13:41:26.260,0,0,1,2022-05-05
AAPL,6096,163.24,Q,100.0,1,-2.77,2147203.0,351381870.0,0,2022-05-05 13:41:26.497,0,0,1,2022-05-05
AAPL,5547,163.24,D,800.0,2,-2.89,2547131.0,417029870.0,0,2022-05-05 13:41:26.627,0,0,1,2022-05-05
AAPL,97589,163.22,Q,100.0,2,-2.79,7090217.0,1160491190.0,0,2022-05-05 13:41:26.983,0,0,0,2022-05-05
AAPL,3338,163.24,P,100.0,1,-2.89,723849.0,118587121.0,0,2022-05-05 13:41:26.260,0,0,1,2022-05-05
AAPL,2887,163.22,Z,100.0,2,-2.81,493230.0,80677437.0,0,2022-05-05 13:41:26.935,0,0,1,2022-05-05
AAPL,1371,163.25,U,100.0,2,-2.85,183501.0,29992356.0,0,2022-05-05 13:41:25.651,0,0,1,2022-05-05
AAPL,6097,163.22,Q,100.0,2,-2.79,2147303.0,351398190.0,0,2022-05-05 13:41:26.983,0,0,1,2022-05-05
AAPL,5553,163.2069,D,100.0,2,-2.933,2549262.0,417377700.0,0,2022-05-05 13:41:27.524,0,0,1,2022-05-05
AAPL,97625,163.21,H,100.0,1,-2.8,7092887.0,1160926990.0,0,2022-05-05 13:41:27.591,0,0,0,2022-05-05
AAPL,2887,163.22,Z,100.0,2,-2.81,493243.0,80679558.0,0,2022-05-05 13:41:26.935,0,0,1,2022-05-05
AAPL,6099,163.21,Q,100.0,2,-2.8,2147529.0,351435070.0,0,2022-05-05 13:41:27.269,0,0,1,2022-05-05
AAPL,410,163.21,H,100.0,1,-2.73,53428.0,8722685.4,0,2022-05-05 13:41:27.591,0,0,1,2022-05-05
AAPL,5553,163.2069,D,100.0,2,-2.933,2549263.0,417377860.0,0,2022-05-05 13:41:27.524,0,0,1,2022-05-05
AAPL,97629,163.21,H,100.0,1,-2.8,7093005.0,1160946250.0,0,2022-05-05 13:41:27.776,0,0,0,2022-05-05
AAPL,411,163.21,H,100.0,1,-2.73,53545.0,8741780.8,0,2022-05-05 13:41:27.776,0,0,1,2022-05-05
AAPL,5554,163.245,D,500.0,1,-2.894,2549775.0,417461450.0,0,2022-05-05 13:41:28.406,0,0,1,2022-05-05
AAPL,97661,163.26,P,100.0,1,-2.75,7094582.0,1161203680.0,0,2022-05-05 13:41:28.546,0,0,0,2022-05-05
AAPL,412,163.22,H,100.0,1,-2.72,53645.0,8758102.8,0,2022-05-05 13:41:28.298,0,0,1,2022-05-05
AAPL,6104,163.24,Q,100.0,2,-2.77,2148031.0,351517020.0,0,2022-05-05 13:41:28.457,0,0,1,2022-05-05
AAPL,1250,163.29,J,100.0,2,-2.85,168699.0,27579436.0,0,2022-05-05 13:41:25.198,0,0,1,2022-05-05
AAPL,2331,163.25,K,100.0,1,-2.71,484253.0,79276353.0,0,2022-05-05 13:41:28.457,0,0,1,2022-05-05
AAPL,1371,163.25,U,100.0,2,-2.85,183503.0,29992682.0,0,2022-05-05 13:41:25.651,0,0,1,2022-05-05
AAPL,3340,163.26,P,100.0,1,-2.87,724049.0,118619772.0,0,2022-05-05 13:41:28.546,0,0,1,2022-05-05
AAPL,414,163.24,H,100.0,2,-2.7,53847.0,8791080.3,0,2022-05-05 13:41:29.057,0,0,1,2022-05-05
AAPL,97687,163.24,H,100.0,2,-2.77,7095860.0,1161412320.0,0,2022-05-05 13:41:29.057,0,0,0,2022-05-05
AAPL,5556,163.27,D,100.0,1,-2.86,2550051.0,417506510.0,0,2022-05-05 13:41:28.967,0,0,1,2022-05-05
AAPL,6108,163.24,Q,100.0,2,-2.77,2148431.0,351582320.0,0,2022-05-05 13:41:29.057,0,0,1,2022-05-05
AAPL,2888,163.25,Z,100.0,1,-2.78,493343.0,80695883.0,0,2022-05-05 13:41:29.023,0,0,1,2022-05-05
AAPL,3342,163.25,P,100.0,2,-2.88,724249.0,118652422.0,0,2022-05-05 13:41:29.023,0,0,1,2022-05-05
AAPL,2332,163.24,K,100.0,2,-2.72,484353.0,79292677.0,0,2022-05-05 13:41:29.057,0,0,1,2022-05-05
AAPL,5557,163.23,D,900.0,2,-2.9,2551047.0,417669080.0,0,2022-05-05 13:41:29.451,0,0,1,2022-05-05
AAPL,97700,163.23,D,900.0,2,-2.78,7096984.0,1161595790.0,0,2022-05-05 13:41:29.451,0,0,0,2022-05-05
AAPL,415,163.23,H,100.0,2,-2.71,53947.0,8807403.3,0,2022-05-05 13:41:29.451,0,0,1,2022-05-05
AAPL,6108,163.24,Q,100.0,2,-2.77,2148459.0,351586890.0,0,2022-05-05 13:41:29.057,0,0,1,2022-05-05
AAPL,5558,163.24,D,500.0,1,-2.89,2551582.0,417756420.0,0,2022-05-05 13:41:29.831,0,0,1,2022-05-05
AAPL,97710,163.26,H,100.0,1,-2.75,7097822.0,1161732590.0,0,2022-05-05 13:41:30.000,0,0,0,2022-05-05
AAPL,1373,163.27,U,100.0,1,-2.83,183703.0,30025335.0,0,2022-05-05 13:41:30.088,0,0,1,2022-05-05
AAPL,416,163.26,H,100.0,1,-2.68,54047.0,8823729.3,0,2022-05-05 13:41:30.000,0,0,1,2022-05-05
AAPL,3342,163.25,P,100.0,2,-2.88,724252.0,118652911.0,0,2022-05-05 13:41:29.023,0,0,1,2022-05-05
AAPL,6109,163.27,Q,100.0,1,-2.74,2148659.0,351619550.0,0,2022-05-05 13:41:30.088,0,0,1,2022-05-05
AAPL,97716,163.27,U,100.0,1,-2.74,7098122.0,1161781570.0,0,2022-05-05 13:41:30.088,0,0,0,2022-05-05
AAPL,1251,163.27,J,100.0,2,-2.87,168799.0,27595763.0,0,2022-05-05 13:41:30.088,0,0,1,2022-05-05
AAPL,417,163.3,H,100.0,1,-2.64,54188.0,8846753.3,0,2022-05-05 13:41:30.550,0,0,1,2022-05-05
AAPL,97762,163.31,Z,100.0,1,-2.7,7100049.0,1162096250.0,0,2022-05-05 13:41:30.551,0,0,0,2022-05-05
AAPL,5558,163.24,D,500.0,1,-2.89,2551665.0,417769970.0,0,2022-05-05 13:41:29.831,0,0,1,2022-05-05
AAPL,434,163.28,N,100.0,1,-2.66,63022.0,10297928.5,0,2022-05-05 13:41:30.249,0,0,1,2022-05-05
AAPL,2890,163.31,Z,100.0,1,-2.72,493849.0,80778515.0,0,2022-05-05 13:41:30.551,0,0,1,2022-05-05
AAPL,3348,163.3,P,100.0,2,-2.83,725074.0,118787146.0,0,2022-05-05 13:41:30.607,0,0,1,2022-05-05
AAPL,6113,163.3,Q,100.0,1,-2.71,2149164.0,351702010.0,0,2022-05-05 13:41:30.607,0,0,1,2022-05-05
AAPL,1375,163.3,U,100.0,1,-2.8,183953.0,30066161.0,0,2022-05-05 13:41:30.607,0,0,1,2022-05-05
AAPL,2332,163.24,K,100.0,2,-2.72,484461.0,79310315.0,0,2022-05-05 13:41:29.057,0,0,1,2022-05-05
AAPL,1251,163.27,J,100.0,2,-2.87,168810.0,27597560.0,0,2022-05-05 13:41:30.088,0,0,1,2022-05-05
AAPL,934,163.32,V,100.0,1,-2.82,165049.0,26991482.0,0,2022-05-05 13:41:24.048,0,0,1,2022-05-05
AAPL,75,163.29,Y,100.0,1,-2.85,19785.0,3237057.6,0,2022-05-05 13:40:52.659,0,0,1,2022-05-05
AAPL,97778,163.3,P,100.0,2,-2.71,7100773.0,1162214480.0,0,2022-05-05 13:41:30.607,0,0,0,2022-05-05
AAPL,1251,163.27,J,100.0,2,-2.87,168865.0,27606542.0,0,2022-05-05 13:41:30.088,0,0,1,2022-05-05
AAPL,97784,163.31,Q,100.0,1,-2.7,7101031.0,1162256610.0,0,2022-05-05 13:41:30.958,0,0,0,2022-05-05
AAPL,934,163.32,V,100.0,1,-2.82,165125.0,27003894.0,0,2022-05-05 13:41:24.048,0,0,1,2022-05-05
AAPL,5558,163.24,D,500.0,1,-2.89,2551692.0,417774380.0,0,2022-05-05 13:41:29.831,0,0,1,2022-05-05
AAPL,6114,163.31,Q,100.0,1,-2.7,2149264.0,351718340.0,0,2022-05-05 13:41:30.958,0,0,1,2022-05-05
AAPL,5565,163.28,D,231.0,1,-2.85,2554617.0,418251970.0,0,2022-05-05 13:41:31.582,0,0,1,2022-05-05
AAPL,97815,163.28,D,231.0,1,-2.73,7104424.0,1162810620.0,0,2022-05-05 13:41:31.582,0,0,0,2022-05-05
AAPL,2892,163.26,Z,100.0,2,-2.77,494049.0,80811170.0,0,2022-05-05 13:41:31.578,0,0,1,2022-05-05
AAPL,1376,163.28,U,100.0,2,-2.82,184053.0,30082489.0,0,2022-05-05 13:41:31.240,0,0,1,2022-05-05
AAPL,3349,163.27,P,100.0,2,-2.86,725174.0,118803473.0,0,2022-05-05 13:41:31.337,0,0,1,2022-05-05
AAPL,31,163.1,B,100.0,1,-2.91,6667.0,1092036.18,0,2022-05-05 13:39:46.792,0,0,1,2022-05-05
AAPL,6118,163.29,Q,129.0,2,-2.72,2150109.0,351856320.0,0,2022-05-05 13:41:31.858,0,0,1,2022-05-05
AAPL,97897,163.29,D,100.0,2,-2.72,7109160.0,1163583960.0,0,2022-05-05 13:41:31.966,0,0,0,2022-05-05
AAPL,5576,163.29,D,100.0,1,-2.84,2556430.0,418548010.0,0,2022-05-05 13:41:31.966,0,0,1,2022-05-05
AAPL,935,163.29,V,100.0,2,-2.85,165225.0,27020223.0,0,2022-05-05 13:41:31.729,0,0,1,2022-05-05
AAPL,2335,163.3,K,100.0,1,-2.66,484861.0,79375632.0,0,2022-05-05 13:41:31.864,0,0,1,2022-05-05
AAPL,1379,163.3,U,100.0,1,-2.8,184353.0,30131477.0,0,2022-05-05 13:41:31.864,0,0,1,2022-05-05
AAPL,419,163.3,H,100.0,1,-2.64,54388.0,8879412.3,0,2022-05-05 13:41:31.864,0,0,1,2022-05-05
AAPL,2893,163.29,Z,200.0,1,-2.74,494517.0,80887593.0,0,2022-05-05 13:41:31.858,0,0,1,2022-05-05
AAPL,3353,163.3,P,100.0,1,-2.83,725674.0,118885119.0,0,2022-05-05 13:41:31.866,0,0,1,2022-05-05
AAPL,435,163.29,N,100.0,1,-2.65,63122.0,10314257.5,0,2022-05-05 13:41:31.858,0,0,1,2022-05-05
AAPL,1251,163.27,J,100.0,2,-2.87,168875.0,27608175.0,0,2022-05-05 13:41:30.088,0,0,1,2022-05-05
AAPL,5580,163.3248,D,200.0,1,-2.8151,2557291.0,418688620.0,0,2022-05-05 13:41:32.408,0,0,1,2022-05-05
AAPL,97970,163.33,P,199.0,1,-2.68,7113255.0,1164252750.0,0,2022-05-05 13:41:32.587,0,0,0,2022-05-05
AAPL,6121,163.33,Q,100.0,1,-2.68,2150710.0,351954480.0,0,2022-05-05 13:41:32.587,0,0,1,2022-05-05
AAPL,1383,163.33,U,100.0,1,-2.77,184753.0,30196803.0,0,2022-05-05 13:41:32.587,0,0,1,2022-05-05
AAPL,423,163.33,H,100.0,1,-2.61,54793.0,8945554.9,0,2022-05-05 13:41:32.587,0,0,1,2022-05-05
AAPL,3356,163.33,P,199.0,1,-2.8,726184.0,118968411.0,0,2022-05-05 13:41:32.587,0,0,1,2022-05-05
AAPL,937,163.32,V,300.0,1,-2.82,165643.0,27088491.0,0,2022-05-05 13:41:32.205,0,0,1,2022-05-05
AAPL,1251,163.27,J,100.0,2,-2.87,168975.0,27624507.0,0,2022-05-05 13:41:30.088,0,0,1,2022-05-05
AAPL,2339,163.33,K,100.0,1,-2.63,485261.0,79440962.0,0,2022-05-05 13:41:32.587,0,0,1,2022-05-05
AAPL,2897,163.33,Z,100.0,1,-2.7,494917.0,80952921.0,0,2022-05-05 13:41:32.587,0,0,1,2022-05-05
AAPL,5582,163.35,D,200.0,2,-2.78,2557835.0,418777480.0,0,2022-05-05 13:41:32.766,0,0,1,2022-05-05
AAPL,98029,163.38,P,100.0,1,-2.63,7116495.0,1164782040.0,0,2022-05-05 13:41:32.912,0,0,0,2022-05-05
AAPL,2345,163.37,K,723.0,1,-2.59,486590.0,79658077.0,0,2022-05-05 13:41:32.911,0,0,1,2022-05-05
AAPL,1252,163.34,J,100.0,1,-2.8,169077.0,27641167.0,0,2022-05-05 13:41:32.655,0,0,1,2022-05-05
AAPL,6122,163.34,Q,100.0,1,-2.67,2150827.0,351973590.0,0,2022-05-05 13:41:32.655,0,0,1,2022-05-05
AAPL,1385,163.37,U,149.0,1,-2.73,185053.0,30245811.0,0,2022-05-05 13:41:32.911,0,0,1,2022-05-05
AAPL,3359,163.38,P,100.0,1,-2.75,726569.0,119031304.0,0,2022-05-05 13:41:32.912,0,0,1,2022-05-05
AAPL,2897,163.33,Z,100.0,1,-2.7,494918.0,80953084.0,0,2022-05-05 13:41:32.587,0,0,1,2022-05-05
AAPL,423,163.33,H,100.0,1,-2.61,54849.0,8954702.5,0,2022-05-05 13:41:32.587,0,0,1,2022-05-05
AAPL,940,163.365,V,100.0,1,-2.784,165949.0,27138481.0,0,2022-05-05 13:41:32.902,0,0,1,2022-05-05
AAPL,116,163.36,X,100.0,2,-2.72,22667.0,3705938.2,0,2022-05-05 13:41:33.110,0,0,1,2022-05-05
AAPL,2898,163.37,Z,100.0,1,-2.66,495018.0,80969421.0,0,2022-05-05 13:41:33.109,0,0,1,2022-05-05
AAPL,6123,163.37,Q,100.0,1,-2.64,2150982.0,351998910.0,0,2022-05-05 13:41:33.109,0,0,1,2022-05-05
AAPL,98045,163.36,X,100.0,2,-2.65,7117275.0,1164909460.0,0,2022-05-05 13:41:33.110,0,0,0,2022-05-05
AAPL,3361,163.37,P,100.0,2,-2.76,726769.0,119063978.0,0,2022-05-05 13:41:33.109,0,0,1,2022-05-05
AAPL,1386,163.37,U,100.0,1,-2.73,185153.0,30262148.0,0,2022-05-05 13:41:33.109,0,0,1,2022-05-05
AAPL,423,163.33,H,100.0,1,-2.61,54949.0,8971039.5,0,2022-05-05 13:41:32.587,0,0,1,2022-05-05
AAPL,5582,163.35,D,200.0,2,-2.78,2557860.0,418781560.0,0,2022-05-05 13:41:32.766,0,0,1,2022-05-05
AAPL,5586,163.36,D,100.0,2,-2.77,2558483.0,418883340.0,0,2022-05-05 13:41:33.467,0,0,1,2022-05-05
AAPL,98082,163.36,P,100.0,2,-2.65,7119053.0,1165199930.0,0,2022-05-05 13:41:33.470,0,0,0,2022-05-05
AAPL,117,163.37,X,100.0,1,-2.71,22767.0,3722275.2,0,2022-05-05 13:41:33.189,0,0,1,2022-05-05
AAPL,2900,163.37,Z,100.0,1,-2.66,495218.0,81002095.0,0,2022-05-05 13:41:33.189,0,0,1,2022-05-05
AAPL,2347,163.37,K,100.0,1,-2.59,486790.0,79690751.0,0,2022-05-05 13:41:33.189,0,0,1,2022-05-05
AAPL,1253,163.36,J,100.0,1,-2.78,169177.0,27657503.0,0,2022-05-05 13:41:33.204,0,0,1,2022-05-05
AAPL,6125,163.36,Q,100.0,2,-2.65,2151182.0,352031590.0,0,2022-05-05 13:41:33.470,0,0,1,2022-05-05
AAPL,3363,163.36,P,100.0,2,-2.77,726969.0,119096650.0,0,2022-05-05 13:41:33.470,0,0,1,2022-05-05
AAPL,424,163.36,H,100.0,1,-2.58,55104.0,8996359.8,0,2022-05-05 13:41:33.470,0,0,1,2022-05-05
AAPL,1387,163.37,U,100.0,1,-2.73,185376.0,30298579.0,0,2022-05-05 13:41:33.678,0,0,1,2022-05-05
AAPL,426,163.37,H,100.0,1,-2.57,55312.0,9030340.7,0,2022-05-05 13:41:33.679,0,0,1,2022-05-05
AAPL,98132,163.3401,D,600.0,2,-2.6798,7121636.0,1165621860.0,0,2022-05-05 13:41:34.092,0,0,0,2022-05-05
AAPL,5589,163.3401,D,600.0,2,-2.7998,2559328.0,419021370.0,0,2022-05-05 13:41:34.092,0,0,1,2022-05-05
AAPL,2900,163.37,Z,100.0,1,-2.66,495321.0,81018920.0,0,2022-05-05 13:41:33.189,0,0,1,2022-05-05
AAPL,6129,163.35,Q,100.0,2,-2.66,2152083.0,352178760.0,0,2022-05-05 13:41:34.037,0,0,1,2022-05-05
AAPL,2347,163.37,K,100.0,1,-2.59,486890.0,79707086.0,0,2022-05-05 13:41:33.189,0,0,1,2022-05-05
AAPL,1254,163.34,J,100.0,2,-2.8,169277.0,27673837.0,0,2022-05-05 13:41:34.036,0,0,1,2022-05-05
AAPL,435,163.29,N,100.0,1,-2.65,63222.0,10330592.5,0,2022-05-05 13:41:31.858,0,0,1,2022-05-05
AAPL,3363,163.36,P,100.0,2,-2.77,726972.0,119097140.0,0,2022-05-05 13:41:33.470,0,0,1,2022-05-05
AAPL,5591,163.38,D,100.0,1,-2.75,2559772.0,419093910.0,0,2022-05-05 13:41:34.610,0,0,1,2022-05-05
AAPL,98173,163.38,D,100.0,1,-2.63,7123325.0,1165897790.0,0,2022-05-05 13:41:34.610,0,0,0,2022-05-05
AAPL,6134,163.37,Q,100.0,1,-2.64,2152678.0,352275960.0,0,2022-05-05 13:41:34.366,0,0,1,2022-05-05
AAPL,1390,163.37,U,100.0,1,-2.73,185721.0,30354941.0,0,2022-05-05 13:41:34.574,0,0,1,2022-05-05
AAPL,426,163.37,H,100.0,1,-2.57,55412.0,9046676.7,0,2022-05-05 13:41:33.679,0,0,1,2022-05-05
AAPL,117,163.37,X,100.0,1,-2.71,22822.0,3731260.5,0,2022-05-05 13:41:33.189,0,0,1,2022-05-05
AAPL,1254,163.34,J,100.0,2,-2.8,169327.0,27682006.0,0,2022-05-05 13:41:34.036,0,0,1,2022-05-05
AAPL,3364,163.37,P,100.0,1,-2.76,727072.0,119113477.0,0,2022-05-05 13:41:34.366,0,0,1,2022-05-05
AAPL,5594,163.4,D,100.0,1,-2.73,2560416.0,419199130.0,0,2022-05-05 13:41:34.964,0,0,1,2022-05-05
AAPL,98222,163.38,P,100.0,2,-2.63,7125342.0,1166227340.0,0,2022-05-05 13:41:35.030,0,0,0,2022-05-05
AAPL,6138,163.38,Q,100.0,2,-2.63,2153186.0,352358960.0,0,2022-05-05 13:41:35.112,0,0,1,2022-05-05
AAPL,436,163.38,N,100.0,1,-2.56,63322.0,10346930.5,0,2022-05-05 13:41:34.674,0,0,1,2022-05-05
AAPL,1392,163.39,U,100.0,1,-2.71,185921.0,30387619.0,0,2022-05-05 13:41:35.027,0,0,1,2022-05-05
AAPL,2349,163.39,K,100.0,1,-2.57,487145.0,79748750.0,0,2022-05-05 13:41:34.768,0,0,1,2022-05-05
AAPL,3367,163.38,P,100.0,2,-2.75,727372.0,119162492.0,0,2022-05-05 13:41:35.112,0,0,1,2022-05-05
AAPL,2902,163.38,Z,100.0,2,-2.65,495527.0,81052577.0,0,2022-05-05 13:41:35.111,0,0,1,2022-05-05
AAPL,427,163.39,H,100.0,1,-2.55,55522.0,9064649.6,0,2022-05-05 13:41:35.027,0,0,1,2022-05-05
AAPL,5595,163.39,D,200.0,2,-2.74,2560622.0,419232790.0,0,2022-05-05 13:41:35.101,0,0,1,2022-05-05
AAPL,98232,163.38,P,100.0,2,-2.63,7125854.0,1166311000.0,0,2022-05-05 13:41:35.112,0,0,0,2022-05-05
AAPL,5599,163.37,D,300.0,2,-2.76,2561289.0,419341760.0,0,2022-05-05 13:41:35.510,0,0,1,2022-05-05
AAPL,98266,163.37,D,300.0,2,-2.64,7127639.0,1166602630.0,0,2022-05-05 13:41:35.510,0,0,0,2022-05-05
AAPL,6138,163.38,Q,100.0,2,-2.63,2153281.0,352374480.0,0,2022-05-05 13:41:35.112,0,0,1,2022-05-05
AAPL,2902,163.38,Z,100.0,2,-2.65,495568.0,81059276.0,0,2022-05-05 13:41:35.111,0,0,1,2022-05-05
AAPL,1393,163.38,U,100.0,2,-2.72,186021.0,30403957.0,0,2022-05-05 13:41:35.266,0,0,1,2022-05-05
AAPL,428,163.38,H,100.0,2,-2.56,55622.0,9080987.6,0,2022-05-05 13:41:35.266,0,0,1,2022-05-05
AAPL,3371,163.38,P,100.0,2,-2.75,727854.0,119241242.0,0,2022-05-05 13:41:35.395,0,0,1,2022-05-05
AAPL,1256,163.38,J,100.0,1,-2.76,169527.0,27714682.0,0,2022-05-05 13:41:35.395,0,0,1,2022-05-05
AAPL,941,163.38,V,100.0,1,-2.76,166049.0,27154819.0,0,2022-05-05 13:41:35.367,0,0,1,2022-05-05
AAPL,5600,163.4,D,2000.0,1,-2.73,2563289.0,419668560.0,0,2022-05-05 13:41:35.604,0,0,1,2022-05-05
AAPL,98268,163.4,D,2000.0,1,-2.61,7129639.0,1166929430.0,0,2022-05-05 13:41:35.604,0,0,0,2022-05-05
AAPL,5602,163.4,D,500.0,1,-2.73,2564021.0,419788170.0,0,2022-05-05 13:41:35.753,0,0,1,2022-05-05
AAPL,98309,163.39,Z,100.0,2,-2.62,7132046.0,1167322720.0,0,2022-05-05 13:41:36.048,0,0,0,2022-05-05
AAPL,429,163.39,H,100.0,1,-2.55,55722.0,9097326.6,0,2022-05-05 13:41:35.881,0,0,1,2022-05-05
AAPL,6143,163.39,Q,100.0,2,-2.62,2153781.0,352456180.0,0,2022-05-05 13:41:36.048,0,0,1,2022-05-05
AAPL,2351,163.4,K,247.0,1,-2.56,487689.0,79837639.0,0,2022-05-05 13:41:35.891,0,0,1,2022-05-05
AAPL,3373,163.4,P,100.0,1,-2.73,728064.0,119275556.0,0,2022-05-05 13:41:35.891,0,0,1,2022-05-05
AAPL,2904,163.39,Z,100.0,2,-2.64,495825.0,81101268.0,0,2022-05-05 13:41:36.048,0,0,1,2022-05-05
AAPL,436,163.38,N,100.0,1,-2.56,63365.0,10353956.7,0,2022-05-05 13:41:34.674,0,0,1,2022-05-05
AAPL,1393,163.38,U,100.0,2,-2.72,186042.0,30407388.0,0,2022-05-05 13:41:35.266,0,0,1,2022-05-05
AAPL,5603,163.397,D,500.0,2,-2.742,2564536.0,419872320.0,0,2022-05-05 13:41:36.101,0,0,1,2022-05-05
AAPL,98312,163.397,D,500.0,1,-2.622,7132561.0,1167406870.0,0,2022-05-05 13:41:36.101,0,0,0,2022-05-05
AAPL,6145,163.42,Q,100.0,1,-2.59,2153981.0,352488860.0,0,2022-05-05 13:41:36.233,0,0,1,2022-05-05
AAPL,98344,163.39,D,100.0,2,-2.62,7138017.0,1168298360.0,0,2022-05-05 13:41:36.499,0,0,0,2022-05-05
AAPL,2356,163.41,K,100.0,1,-2.55,489975.0,80211174.0,0,2022-05-05 13:41:36.255,0,0,1,2022-05-05
AAPL,5607,163.39,D,100.0,2,-2.74,2567086.0,420288960.0,0,2022-05-05 13:41:36.499,0,0,1,2022-05-05
AAPL,1257,163.4,J,100.0,1,-2.74,169627.0,27731022.0,0,2022-05-05 13:41:36.146,0,0,1,2022-05-05
AAPL,1394,163.41,U,100.0,1,-2.69,186142.0,30423729.0,0,2022-05-05 13:41:36.221,0,0,1,2022-05-05
AAPL,941,163.38,V,100.0,1,-2.76,166169.0,27174427.0,0,2022-05-05 13:41:35.367,0,0,1,2022-05-05
AAPL,3374,163.4,P,100.0,1,-2.73,728164.0,119291896.0,0,2022-05-05 13:41:36.355,0,0,1,2022-05-05
AAPL,5608,163.4,D,184.0,1,-2.73,2567270.0,420319020.0,0,2022-05-05 13:41:36.603,0,0,1,2022-05-05
AAPL,98346,163.4,D,184.0,1,-2.61,7138201.0,1168328420.0,0,2022-05-05 13:41:36.603,0,0,0,2022-05-05
AAPL,6151,163.39,Q,100.0,1,-2.62,2154797.0,352622180.0,0,2022-05-05 13:41:36.651,0,0,1,2022-05-05
AAPL,2907,163.36,Z,100.0,2,-2.67,496234.0,81168088.0,0,2022-05-05 13:41:37.093,0,0,1,2022-05-05
AAPL,2358,163.36,K,100.0,2,-2.6,490275.0,80260186.0,0,2022-05-05 13:41:37.093,0,0,1,2022-05-05
AAPL,98389,163.36,P,100.0,2,-2.65,7140426.0,1168691930.0,0,2022-05-05 13:41:37.093,0,0,0,2022-05-05
AAPL,3377,163.36,P,100.0,2,-2.77,728664.0,119373582.0,0,2022-05-05 13:41:37.093,0,0,1,2022-05-05
AAPL,5609,163.37,D,177.0,2,-2.76,2567469.0,420351530.0,0,2022-05-05 13:41:36.809,0,0,1,2022-05-05
AAPL,1394,163.41,U,100.0,1,-2.69,186143.0,30423893.0,0,2022-05-05 13:41:36.221,0,0,1,2022-05-05
AAPL,3381,163.35,P,100.0,2,-2.78,729074.0,119440556.0,0,2022-05-05 13:41:37.131,0,0,1,2022-05-05
AAPL,5610,163.375,D,1600.0,1,-2.764,2569146.0,420625510.0,0,2022-05-05 13:41:36.817,0,0,1,2022-05-05
AAPL,98425,163.36,H,100.0,1,-2.65,7143148.0,1169136620.0,0,2022-05-05 13:41:37.545,0,0,0,2022-05-05
AAPL,1395,163.36,U,100.0,2,-2.74,186304.0,30450194.0,0,2022-05-05 13:41:37.545,0,0,1,2022-05-05
AAPL,31,163.1,B,100.0,1,-2.91,6677.0,1093669.88,0,2022-05-05 13:39:46.792,0,0,1,2022-05-05
AAPL,6152,163.36,Q,114.0,2,-2.65,2154961.0,352648970.0,0,2022-05-05 13:41:37.545,0,0,1,2022-05-05
AAPL,430,163.36,H,100.0,2,-2.58,55822.0,9113662.6,0,2022-05-05 13:41:37.545,0,0,1,2022-05-05
AAPL,1257,163.4,J,100.0,1,-2.74,169827.0,27763694.0,0,2022-05-05 13:41:36.146,0,0,1,2022-05-05
AAPL,2360,163.36,K,100.0,1,-2.6,490501.0,80297104.0,0,2022-05-05 13:41:38.021,0,0,1,2022-05-05
AAPL,98456,163.36,K,100.0,2,-2.65,7144861.0,1169416460.0,0,2022-05-05 13:41:38.021,0,0,0,2022-05-05
AAPL,3384,163.35,P,100.0,2,-2.78,729374.0,119489561.0,0,2022-05-05 13:41:37.666,0,0,1,2022-05-05
AAPL,6153,163.35,Q,100.0,2,-2.66,2155061.0,352665310.0,0,2022-05-05 13:41:37.666,0,0,1,2022-05-05
AAPL,1258,163.38,J,100.0,2,-2.76,169943.0,27782646.0,0,2022-05-05 13:41:37.910,0,0,1,2022-05-05
AAPL,5612,163.37,D,306.0,1,-2.76,2569817.0,420735130.0,0,2022-05-05 13:41:37.972,0,0,1,2022-05-05
AAPL,943,163.36,V,200.0,2,-2.78,166469.0,27223435.0,0,2022-05-05 13:41:38.020,0,0,1,2022-05-05
AAPL,5616,163.365,D,100.0,2,-2.774,2570519.0,420849820.0,0,2022-05-05 13:41:38.512,0,0,1,2022-05-05
AAPL,98479,163.365,D,100.0,2,-2.654,7146393.0,1169666730.0,0,2022-05-05 13:41:38.512,0,0,0,2022-05-05
AAPL,6155,163.36,Q,300.0,1,-2.65,2155461.0,352730650.0,0,2022-05-05 13:41:38.318,0,0,1,2022-05-05
AAPL,1396,163.36,U,100.0,2,-2.74,186404.0,30466530.0,0,2022-05-05 13:41:38.318,0,0,1,2022-05-05
AAPL,431,163.36,H,100.0,2,-2.58,55922.0,9129998.6,0,2022-05-05 13:41:38.318,0,0,1,2022-05-05
AAPL,2908,163.36,Z,100.0,2,-2.67,496334.0,81184424.0,0,2022-05-05 13:41:38.318,0,0,1,2022-05-05
AAPL,2361,163.37,K,100.0,1,-2.59,490631.0,80318342.0,0,2022-05-05 13:41:38.347,0,0,1,2022-05-05
AAPL,5619,163.3699,D,100.0,2,-2.77,2571827.0,421063510.0,0,2022-05-05 13:41:39.105,0,0,1,2022-05-05
AAPL,98498,163.3699,D,100.0,2,-2.65,7148225.0,1169966040.0,0,2022-05-05 13:41:39.105,0,0,0,2022-05-05
AAPL,2362,163.37,K,300.0,1,-2.59,490941.0,80368987.0,0,2022-05-05 13:41:38.671,0,0,1,2022-05-05
AAPL,6156,163.38,Q,100.0,1,-2.63,2155575.0,352749280.0,0,2022-05-05 13:41:38.673,0,0,1,2022-05-05
AAPL,3385,163.38,P,100.0,1,-2.75,729474.0,119505899.0,0,2022-05-05 13:41:38.674,0,0,1,2022-05-05
AAPL,5623,163.3328,D,1000.0,2,-2.8071,2573257.0,421297090.0,0,2022-05-05 13:41:39.499,0,0,1,2022-05-05
AAPL,98547,163.3328,D,1000.0,2,-2.6871,7151619.0,1170520440.0,0,2022-05-05 13:41:39.499,0,0,0,2022-05-05
AAPL,1259,163.36,J,100.0,2,-2.78,170043.0,27798982.0,0,2022-05-05 13:41:39.300,0,0,1,2022-05-05
AAPL,6161,163.34,Q,100.0,2,-2.67,2156494.0,352899390.0,0,2022-05-05 13:41:39.452,0,0,1,2022-05-05
AAPL,117,163.37,X,100.0,1,-2.71,22823.0,3731423.9,0,2022-05-05 13:41:33.189,0,0,1,2022-05-05
AAPL,2909,163.36,Z,187.0,2,-2.67,496534.0,81217096.0,0,2022-05-05 13:41:39.316,0,0,1,2022-05-05
AAPL,2363,163.36,K,189.0,2,-2.6,491141.0,80401659.0,0,2022-05-05 13:41:39.316,0,0,1,2022-05-05
AAPL,3387,163.35,P,100.0,2,-2.78,729807.0,119560296.0,0,2022-05-05 13:41:39.367,0,0,1,2022-05-05
AAPL,1397,163.34,U,100.0,2,-2.76,186604.0,30499199.0,0,2022-05-05 13:41:39.428,0,0,1,2022-05-05
AAPL,431,163.36,H,100.0,2,-2.58,55933.0,9131795.2,0,2022-05-05 13:41:38.318,0,0,1,2022-05-05
AAPL,2909,163.36,Z,187.0,2,-2.67,496609.0,81229345.0,0,2022-05-05 13:41:39.316,0,0,1,2022-05-05
AAPL,98560,163.325,D,200.0,2,-2.694,7152246.0,1170622840.0,0,2022-05-05 13:41:39.812,0,0,0,2022-05-05
AAPL,5625,163.325,D,200.0,2,-2.814,2573560.0,421346570.0,0,2022-05-05 13:41:39.812,0,0,1,2022-05-05
AAPL,6161,163.34,Q,100.0,2,-2.67,2156547.0,352908050.0,0,2022-05-05 13:41:39.452,0,0,1,2022-05-05
AAPL,1259,163.36,J,100.0,2,-2.78,170139.0,27814661.0,0,2022-05-05 13:41:39.300,0,0,1,2022-05-05
AAPL,432,163.34,H,100.0,2,-2.6,56033.0,9148129.2,0,2022-05-05 13:41:39.982,0,0,1,2022-05-05
AAPL,5628,163.3001,D,500.0,2,-2.8398,2574292.0,421466110.0,0,2022-05-05 13:41:40.484,0,0,1,2022-05-05
AAPL,98622,163.28,P,100.0,2,-2.73,7155402.0,1171138230.0,0,2022-05-05 13:41:40.584,0,0,0,2022-05-05
AAPL,6168,163.29,Q,100.0,2,-2.72,2157604.0,353080670.0,0,2022-05-05 13:41:40.584,0,0,1,2022-05-05
AAPL,944,163.32,V,100.0,2,-2.82,166569.0,27239767.0,0,2022-05-05 13:41:40.114,0,0,1,2022-05-05
AAPL,2912,163.29,Z,100.0,2,-2.74,496909.0,81278335.0,0,2022-05-05 13:41:40.428,0,0,1,2022-05-05
AAPL,2365,163.29,K,100.0,2,-2.67,491390.0,80442321.0,0,2022-05-05 13:41:40.428,0,0,1,2022-05-05
AAPL,3390,163.28,P,100.0,2,-2.85,730221.0,119627900.0,0,2022-05-05 13:41:40.584,0,0,1,2022-05-05
AAPL,1261,163.27,J,100.0,2,-2.87,170343.0,27847971.0,0,2022-05-05 13:41:40.598,0,0,1,2022-05-05
AAPL,433,163.31,H,100.0,2,-2.63,56133.0,9164460.2,0,2022-05-05 13:41:40.268,0,0,1,2022-05-05
AAPL,118,163.3,X,100.0,2,-2.78,22923.0,3747753.9,0,2022-05-05 13:41:40.440,0,0,1,2022-05-05
AAPL,6170,163.27,Q,400.0,2,-2.74,2158104.0,353162300.0,0,2022-05-05 13:41:40.595,0,0,1,2022-05-05
AAPL,98635,163.27,J,100.0,2,-2.74,7156311.0,1171286640.0,0,2022-05-05 13:41:40.598,0,0,0,2022-05-05
AAPL,2913,163.27,Z,100.0,2,-2.76,497009.0,81294662.0,0,2022-05-05 13:41:40.595,0,0,1,2022-05-05
AAPL,1397,163.34,U,100.0,2,-2.76,186613.0,30500668.0,0,2022-05-05 13:41:39.428,0,0,1,2022-05-05
AAPL,2367,163.27,K,100.0,2,-2.69,491590.0,80474975.0,0,2022-05-05 13:41:40.595,0,0,1,2022-05-05
AAPL,5632,163.275,D,100.0,2,-2.864,2574780.0,421545790.0,0,2022-05-05 13:41:41.059,0,0,1,2022-05-05
AAPL,98647,163.275,D,100.0,2,-2.744,7156899.0,1171382650.0,0,2022-05-05 13:41:41.059,0,0,0,2022-05-05
AAPL,434,163.27,H,100.0,2,-2.67,56233.0,9180787.2,0,2022-05-05 13:41:40.614,0,0,1,2022-05-05
AAPL,5635,163.2699,D,500.0,2,-2.87,2575787.0,421710200.0,0,2022-05-05 13:41:41.544,0,0,1,2022-05-05
AAPL,98675,163.2699,D,500.0,2,-2.75,7158487.0,1171641920.0,0,2022-05-05 13:41:41.544,0,0,0,2022-05-05
AAPL,6171,163.26,Q,102.0,2,-2.75,2158444.0,353217810.0,0,2022-05-05 13:41:41.161,0,0,1,2022-05-05
AAPL,1398,163.27,U,100.0,2,-2.83,186754.0,30523689.0,0,2022-05-05 13:41:41.431,0,0,1,2022-05-05
AAPL,1262,163.27,J,100.0,2,-2.87,170443.0,27864298.0,0,2022-05-05 13:41:41.325,0,0,1,2022-05-05
AAPL,5638,163.265,D,800.0,2,-2.874,2576980.0,421904980.0,0,2022-05-05 13:41:41.686,0,0,1,2022-05-05
AAPL,98686,163.265,D,800.0,2,-2.754,7159686.0,1171837670.0,0,2022-05-05 13:41:41.686,0,0,0,2022-05-05
AAPL,3390,163.28,P,100.0,2,-2.85,730225.0,119628553.0,0,2022-05-05 13:41:40.584,0,0,1,2022-05-05
AAPL,15,163.27,A,200.0,2,-2.82,5015.0,820053.78,0,2022-05-05 13:39:07.210,0,0,1,2022-05-05
AAPL,1400,163.3,U,100.0,1,-2.8,186958.0,30557002.0,0,2022-05-05 13:41:42.426,0,0,1,2022-05-05
AAPL,437,163.3,H,100.0,1,-2.64,56533.0,9229777.2,0,2022-05-05 13:41:42.426,0,0,1,2022-05-05
AAPL,3393,163.29,P,100.0,2,-2.84,730525.0,119677542.0,0,2022-05-05 13:41:42.163,0,0,1,2022-05-05
AAPL,98717,163.3,D,100.0,1,-2.71,7161016.0,1172054860.0,0,2022-05-05 13:41:42.526,0,0,0,2022-05-05
AAPL,6172,163.3,Q,100.0,1,-2.71,2158554.0,353235770.0,0,2022-05-05 13:41:42.130,0,0,1,2022-05-05
AAPL,5639,163.3,D,100.0,1,-2.83,2577096.0,421923920.0,0,2022-05-05 13:41:42.526,0,0,1,2022-05-05
AAPL,2368,163.3,K,100.0,1,-2.66,491690.0,80491305.0,0,2022-05-05 13:41:42.426,0,0,1,2022-05-05
AAPL,2914,163.3,Z,100.0,1,-2.73,497109.0,81310992.0,0,2022-05-05 13:41:42.426,0,0,1,2022-05-05
AAPL,119,163.3,X,100.0,2,-2.78,23023.0,3764083.9,0,2022-05-05 13:41:42.447,0,0,1,2022-05-05
AAPL,5639,163.3,D,100.0,1,-2.83,2577180.0,421937640.0,0,2022-05-05 13:41:42.526,0,0,1,2022-05-05
AAPL,98734,163.28,Z,100.0,2,-2.73,7161601.0,1172150380.0,0,2022-05-05 13:41:43.039,0,0,0,2022-05-05
AAPL,1401,163.29,U,100.0,2,-2.81,187058.0,30573331.0,0,2022-05-05 13:41:42.640,0,0,1,2022-05-05
AAPL,2917,163.28,Z,100.0,2,-2.75,497409.0,81359978.0,0,2022-05-05 13:41:43.039,0,0,1,2022-05-05
AAPL,6173,163.28,Q,100.0,2,-2.73,2158655.0,353252260.0,0,2022-05-05 13:41:43.039,0,0,1,2022-05-05
AAPL,5644,163.28,D,900.0,2,-2.85,2578637.0,422175550.0,0,2022-05-05 13:41:42.706,0,0,1,2022-05-05
AAPL,98755,163.29,Q,100.0,2,-2.72,7163270.0,1172422910.0,0,2022-05-05 13:41:43.540,0,0,0,2022-05-05
AAPL,1263,163.3,J,100.0,1,-2.84,170555.0,27882588.0,0,2022-05-05 13:41:43.498,0,0,1,2022-05-05
AAPL,6174,163.29,Q,100.0,1,-2.72,2158755.0,353268590.0,0,2022-05-05 13:41:43.540,0,0,1,2022-05-05
AAPL,5645,163.3,D,100.0,1,-2.83,2578737.0,422191880.0,0,2022-05-05 13:41:43.605,0,0,1,2022-05-05
AAPL,98757,163.3,D,100.0,1,-2.71,7163370.0,1172439240.0,0,2022-05-05 13:41:43.605,0,0,0,2022-05-05
AAPL,6175,163.3,Q,100.0,1,-2.71,2158855.0,353284920.0,0,2022-05-05 13:41:43.738,0,0,1,2022-05-05
AAPL,2917,163.28,Z,100.0,2,-2.75,497410.0,81360142.0,0,2022-05-05 13:41:43.039,0,0,1,2022-05-05
AAPL,98769,163.31,U,100.0,1,-2.7,7163783.0,1172506680.0,0,2022-05-05 13:41:43.912,0,0,0,2022-05-05
AAPL,3393,163.29,P,100.0,2,-2.84,730526.0,119677706.0,0,2022-05-05 13:41:42.163,0,0,1,2022-05-05
AAPL,5645,163.3,D,100.0,1,-2.83,2578748.0,422193670.0,0,2022-05-05 13:41:43.605,0,0,1,2022-05-05
AAPL,1264,163.3,J,100.0,1,-2.84,170655.0,27898918.0,0,2022-05-05 13:41:43.845,0,0,1,2022-05-05
AAPL,438,163.31,H,100.0,1,-2.63,56633.0,9246108.2,0,2022-05-05 13:41:43.912,0,0,1,2022-05-05
AAPL,1402,163.31,U,100.0,1,-2.79,187158.0,30589662.0,0,2022-05-05 13:41:43.912,0,0,1,2022-05-05
AAPL,6176,163.3,Q,100.0,1,-2.71,2158955.0,353301250.0,0,2022-05-05 13:41:44.268,0,0,1,2022-05-05
AAPL,98810,163.3,D,100.0,1,-2.71,7166140.0,1172891570.0,0,2022-05-05 13:41:44.497,0,0,0,2022-05-05
AAPL,2919,163.3,Z,100.0,1,-2.73,497610.0,81392802.0,0,2022-05-05 13:41:44.268,0,0,1,2022-05-05
AAPL,1267,163.3,J,100.0,1,-2.84,170955.0,27947908.0,0,2022-05-05 13:41:44.288,0,0,1,2022-05-05
AAPL,1405,163.3,U,100.0,1,-2.8,187523.0,30649265.0,0,2022-05-05 13:41:44.288,0,0,1,2022-05-05
AAPL,2370,163.3,K,100.0,1,-2.66,491910.0,80527230.0,0,2022-05-05 13:41:44.288,0,0,1,2022-05-05
AAPL,945,163.29,V,300.0,2,-2.85,166869.0,27288754.0,0,2022-05-05 13:41:44.279,0,0,1,2022-05-05
AAPL,119,163.3,X,100.0,2,-2.78,23088.0,3774698.4,0,2022-05-05 13:41:42.447,0,0,1,2022-05-05
AAPL,439,163.3,H,100.0,2,-2.64,56733.0,9262438.2,0,2022-05-05 13:41:44.288,0,0,1,2022-05-05
AAPL,3393,163.29,P,100.0,2,-2.84,730581.0,119686687.0,0,2022-05-05 13:41:42.163,0,0,1,2022-05-05
AAPL,5648,163.3,D,100.0,1,-2.83,2579400.0,422300140.0,0,2022-05-05 13:41:44.497,0,0,1,2022-05-05
AAPL,2919,163.3,Z,100.0,1,-2.73,497616.0,81393781.0,0,2022-05-05 13:41:44.268,0,0,1,2022-05-05
AAPL,98828,163.35,V,300.0,1,-2.66,7168165.0,1173222310.0,0,2022-05-05 13:41:44.957,0,0,0,2022-05-05
AAPL,5650,163.32,D,1200.0,1,-2.81,2580802.0,422529110.0,0,2022-05-05 13:41:44.696,0,0,1,2022-05-05
AAPL,6177,163.31,Q,100.0,1,-2.7,2159055.0,353317580.0,0,2022-05-05 13:41:44.677,0,0,1,2022-05-05
AAPL,119,163.3,X,100.0,2,-2.78,23089.0,3774861.7,0,2022-05-05 13:41:42.447,0,0,1,2022-05-05
AAPL,2370,163.3,K,100.0,1,-2.66,491925.0,80529680.0,0,2022-05-05 13:41:44.288,0,0,1,2022-05-05
AAPL,3393,163.29,P,100.0,2,-2.84,730582.0,119686850.0,0,2022-05-05 13:41:42.163,0,0,1,2022-05-05
AAPL,440,163.34,H,100.0,1,-2.6,56833.0,9278772.2,0,2022-05-05 13:41:44.818,0,0,1,2022-05-05
AAPL,947,163.35,V,300.0,1,-2.79,167269.0,27354094.0,0,2022-05-05 13:41:44.957,0,0,1,2022-05-05
AAPL,5651,163.345,D,500.0,1,-2.794,2581419.0,422629900.0,0,2022-05-05 13:41:45.595,0,0,1,2022-05-05
AAPL,98841,163.345,D,500.0,1,-2.674,7169064.0,1173369150.0,0,2022-05-05 13:41:45.595,0,0,0,2022-05-05
AAPL,1267,163.3,J,100.0,1,-2.84,170992.0,27953952.0,0,2022-05-05 13:41:44.288,0,0,1,2022-05-05
AAPL,442,163.36,H,100.0,1,-2.58,57033.0,9311442.2,0,2022-05-05 13:41:45.609,0,0,1,2022-05-05
AAPL,1406,163.36,U,100.0,1,-2.74,187668.0,30672952.0,0,2022-05-05 13:41:45.608,0,0,1,2022-05-05
AAPL,2922,163.36,Z,100.0,1,-2.67,497916.0,81442786.0,0,2022-05-05 13:41:45.608,0,0,1,2022-05-05
AAPL,32,163.35,B,100.0,1,-2.66,6777.0,1110004.88,0,2022-05-05 13:41:45.605,0,0,1,2022-05-05
AAPL,949,163.36,V,100.0,1,-2.78,167469.0,27386765.0,0,2022-05-05 13:41:45.607,0,0,1,2022-05-05
AAPL,98863,163.35,D,100.0,2,-2.66,7170164.0,1173548840.0,0,2022-05-05 13:41:45.608,0,0,0,2022-05-05
AAPL,6179,163.36,Q,100.0,1,-2.65,2159255.0,353350250.0,0,2022-05-05 13:41:45.609,0,0,1,2022-05-05
AAPL,2370,163.3,K,100.0,1,-2.66,491954.0,80534417.0,0,2022-05-05 13:41:44.288,0,0,1,2022-05-05
AAPL,5652,163.35,D,100.0,1,-2.78,2581590.0,422657830.0,0,2022-05-05 13:41:45.608,0,0,1,2022-05-05
AAPL,1268,163.36,J,100.0,1,-2.78,171112.0,27973555.0,0,2022-05-05 13:41:45.677,0,0,1,2022-05-05
AAPL,3396,163.36,P,129.0,1,-2.77,730921.0,119742228.0,0,2022-05-05 13:41:46.064,0,0,1,2022-05-05
AAPL,98900,163.37,D,237.0,1,-2.64,7172234.0,1173886990.0,0,2022-05-05 13:41:46.063,0,0,0,2022-05-05
AAPL,2923,163.36,Z,100.0,1,-2.67,498022.0,81460102.0,0,2022-05-05 13:41:45.678,0,0,1,2022-05-05
AAPL,5656,163.37,D,237.0,1,-2.76,2582395.0,422789340.0,0,2022-05-05 13:41:46.063,0,0,1,2022-05-05
AAPL,446,163.36,H,100.0,1,-2.58,57433.0,9376781.2,0,2022-05-05 13:41:45.943,0,0,1,2022-05-05
AAPL,1408,163.34,U,100.0,2,-2.76,187868.0,30705620.0,0,2022-05-05 13:41:45.898,0,0,1,2022-05-05
AAPL,6180,163.36,Q,100.0,1,-2.65,2159355.0,353366590.0,0,2022-05-05 13:41:46.049,0,0,1,2022-05-05
AAPL,5657,163.35,D,200.0,2,-2.78,2582867.0,422866440.0,0,2022-05-05 13:41:46.411,0,0,1,2022-05-05
AAPL,98921,163.35,U,100.0,1,-2.66,7173206.0,1174045760.0,0,2022-05-05 13:41:46.481,0,0,0,2022-05-05
AAPL,6181,163.35,Q,100.0,2,-2.66,2159455.0,353382930.0,0,2022-05-05 13:41:46.232,0,0,1,2022-05-05
AAPL,1411,163.35,U,100.0,1,-2.75,188168.0,30754624.0,0,2022-05-05 13:41:46.481,0,0,1,2022-05-05
AAPL,447,163.35,H,100.0,2,-2.59,57533.0,9393116.2,0,2022-05-05 13:41:46.232,0,0,1,2022-05-05
AAPL,5658,163.33,D,500.0,2,-2.8,2583371.0,422948760.0,0,2022-05-05 13:41:46.817,0,0,1,2022-05-05
AAPL,98942,163.32,J,100.0,2,-2.69,7174311.0,1174226240.0,0,2022-05-05 13:41:46.959,0,0,0,2022-05-05
AAPL,949,163.36,V,100.0,1,-2.78,167489.0,27390031.0,0,2022-05-05 13:41:45.607,0,0,1,2022-05-05
AAPL,1413,163.32,U,100.0,2,-2.78,188368.0,30787289.0,0,2022-05-05 13:41:46.956,0,0,1,2022-05-05
AAPL,448,163.33,H,100.0,2,-2.61,57633.0,9409449.2,0,2022-05-05 13:41:46.905,0,0,1,2022-05-05
AAPL,6181,163.35,Q,100.0,2,-2.66,2159495.0,353389460.0,0,2022-05-05 13:41:46.232,0,0,1,2022-05-05
AAPL,2924,163.32,Z,100.0,2,-2.71,498122.0,81476434.0,0,2022-05-05 13:41:46.955,0,0,1,2022-05-05
AAPL,119,163.3,X,100.0,2,-2.78,23130.0,3781557.8,0,2022-05-05 13:41:42.447,0,0,1,2022-05-05
AAPL,1269,163.32,J,100.0,2,-2.82,171212.0,27989887.0,0,2022-05-05 13:41:46.959,0,0,1,2022-05-05
AAPL,3397,163.32,P,100.0,2,-2.81,731141.0,119778159.0,0,2022-05-05 13:41:47.167,0,0,1,2022-05-05
AAPL,98951,163.32,P,100.0,2,-2.69,7174634.0,1174278990.0,0,2022-05-05 13:41:47.167,0,0,0,2022-05-05
AAPL,5658,163.33,D,500.0,2,-2.8,2583373.0,422949080.0,0,2022-05-05 13:41:46.817,0,0,1,2022-05-05
AAPL,1413,163.32,U,100.0,2,-2.78,188404.0,30793168.0,0,2022-05-05 13:41:46.956,0,0,1,2022-05-05
AAPL,448,163.33,H,100.0,2,-2.61,57698.0,9420065.0,0,2022-05-05 13:41:46.905,0,0,1,2022-05-05
AAPL,5659,163.32,D,300.0,2,-2.81,2583686.0,423000200.0,0,2022-05-05 13:41:47.777,0,0,1,2022-05-05
AAPL,98974,163.31,Z,100.0,2,-2.7,7175660.0,1174446550.0,0,2022-05-05 13:41:48.094,0,0,0,2022-05-05
AAPL,6182,163.32,Q,100.0,2,-2.69,2159695.0,353422120.0,0,2022-05-05 13:41:47.874,0,0,1,2022-05-05
AAPL,1414,163.31,U,100.0,2,-2.79,188562.0,30818972.0,0,2022-05-05 13:41:47.875,0,0,1,2022-05-05
AAPL,3397,163.32,P,100.0,2,-2.81,731196.0,119787141.0,0,2022-05-05 13:41:47.167,0,0,1,2022-05-05
AAPL,450,163.31,H,100.0,2,-2.63,57898.0,9452727.0,0,2022-05-05 13:41:47.875,0,0,1,2022-05-05
AAPL,2925,163.31,Z,100.0,2,-2.72,498222.0,81492765.0,0,2022-05-05 13:41:48.094,0,0,1,2022-05-05
AAPL,6187,163.29,Q,100.0,1,-2.72,2160417.0,353540020.0,0,2022-05-05 13:41:48.588,0,0,1,2022-05-05
AAPL,99027,163.29,P,100.0,1,-2.72,7177831.0,1174801050.0,0,2022-05-05 13:41:48.589,0,0,0,2022-05-05
AAPL,452,163.29,H,100.0,1,-2.65,58108.0,9487017.0,0,2022-05-05 13:41:48.589,0,0,1,2022-05-05
AAPL,2371,163.29,K,100.0,2,-2.67,492064.0,80552379.0,0,2022-05-05 13:41:48.124,0,0,1,2022-05-05
AAPL,2926,163.29,Z,100.0,2,-2.74,498322.0,81509094.0,0,2022-05-05 13:41:48.125,0,0,1,2022-05-05
AAPL,950,163.29,V,100.0,2,-2.85,167669.0,27419423.0,0,2022-05-05 13:41:48.126,0,0,1,2022-05-05
AAPL,3400,163.29,P,100.0,2,-2.84,731496.0,119836128.0,0,2022-05-05 13:41:48.589,0,0,1,2022-05-05
AAPL,5661,163.2801,D,100.0,2,-2.8598,2583935.0,423040860.0,0,2022-05-05 13:41:48.286,0,0,1,2022-05-05
AAPL,1417,163.29,U,100.0,1,-2.81,188862.0,30867957.0,0,2022-05-05 13:41:48.589,0,0,1,2022-05-05
AAPL,455,163.27,H,100.0,2,-2.67,58408.0,9536001.0,0,2022-05-05 13:41:48.864,0,0,1,2022-05-05
AAPL,99084,163.28,P,100.0,1,-2.73,7181891.0,1175463910.0,0,2022-05-05 13:41:49.007,0,0,0,2022-05-05
AAPL,5662,163.2529,D,1500.0,2,-2.887,2585588.0,423310720.0,0,2022-05-05 13:41:48.826,0,0,1,2022-05-05
AAPL,1420,163.27,U,100.0,2,-2.83,189172.0,30918571.0,0,2022-05-05 13:41:48.863,0,0,1,2022-05-05
AAPL,6192,163.28,Q,100.0,1,-2.73,2161247.0,353675530.0,0,2022-05-05 13:41:49.007,0,0,1,2022-05-05
AAPL,2373,163.27,K,100.0,2,-2.69,492280.0,80587645.0,0,2022-05-05 13:41:48.764,0,0,1,2022-05-05
AAPL,2929,163.27,Z,100.0,1,-2.76,498672.0,81566238.0,0,2022-05-05 13:41:48.863,0,0,1,2022-05-05
AAPL,3403,163.28,P,100.0,1,-2.85,731796.0,119885110.0,0,2022-05-05 13:41:49.007,0,0,1,2022-05-05
AAPL,436,163.38,N,100.0,1,-2.56,63366.0,10354120.0,0,2022-05-05 13:41:34.674,0,0,1,2022-05-05
AAPL,1270,163.28,J,100.0,2,-2.86,171312.0,28006215.0,0,2022-05-05 13:41:49.006,0,0,1,2022-05-05
AAPL,5664,163.29,D,100.0,1,-2.84,2585817.0,423348110.0,0,2022-05-05 13:41:49.511,0,0,1,2022-05-05
AAPL,99235,163.28,H,100.0,2,-2.73,7188573.0,1176554990.0,0,2022-05-05 13:41:49.518,0,0,0,2022-05-05
AAPL,459,163.28,H,100.0,2,-2.66,59023.0,9636423.4,0,2022-05-05 13:41:49.518,0,0,1,2022-05-05
AAPL,6205,163.29,Q,100.0,1,-2.72,2162901.0,353945610.0,0,2022-05-05 13:41:49.518,0,0,1,2022-05-05
AAPL,2934,163.28,Z,100.0,2,-2.75,499404.0,81685762.0,0,2022-05-05 13:41:49.518,0,0,1,2022-05-05
AAPL,120,163.29,X,100.0,2,-2.79,23231.0,3798050.1,0,2022-05-05 13:41:49.511,0,0,1,2022-05-05
AAPL,1424,163.28,U,100.0,2,-2.82,189877.0,31033689.0,0,2022-05-05 13:41:49.518,0,0,1,2022-05-05
AAPL,2375,163.29,K,100.0,1,-2.67,492739.0,80662595.0,0,2022-05-05 13:41:49.512,0,0,1,2022-05-05
AAPL,1271,163.29,J,100.0,1,-2.85,171548.0,28044751.0,0,2022-05-05 13:41:49.517,0,0,1,2022-05-05
AAPL,437,163.29,N,100.0,2,-2.65,63466.0,10370449.0,0,2022-05-05 13:41:49.510,0,0,1,2022-05-05
AAPL,32,163.35,B,100.0,1,-2.66,6828.0,1118332.67,0,2022-05-05 13:41:45.605,0,0,1,2022-05-05
AAPL,3415,163.29,P,100.0,1,-2.84,733196.0,120113714.0,0,2022-05-05 13:41:49.517,0,0,1,2022-05-05
AAPL,952,163.28,V,300.0,2,-2.86,168069.0,27484736.0,0,2022-05-05 13:41:49.511,0,0,1,2022-05-05
AAPL,99241,163.2713,D,250.0,2,-2.7486,7188955.0,1176617370.0,0,2022-05-05 13:41:50.055,0,0,0,2022-05-05
AAPL,1424,163.28,U,100.0,2,-2.82,189899.0,31037281.0,0,2022-05-05 13:41:49.518,0,0,1,2022-05-05
AAPL,5666,163.2713,D,250.0,2,-2.8686,2586177.0,423406890.0,0,2022-05-05 13:41:50.055,0,0,1,2022-05-05
AAPL,953,163.27,V,100.0,2,-2.87,168169.0,27501063.0,0,2022-05-05 13:41:50.133,0,0,1,2022-05-05
AAPL,99285,163.28,Q,100.0,1,-2.73,7192036.0,1177120370.0,0,2022-05-05 13:41:50.520,0,0,0,2022-05-05
AAPL,459,163.28,H,100.0,2,-2.66,59061.0,9642627.6,0,2022-05-05 13:41:49.518,0,0,1,2022-05-05
AAPL,6215,163.28,Q,100.0,1,-2.73,2164186.0,354155410.0,0,2022-05-05 13:41:50.520,0,0,1,2022-05-05
AAPL,3416,163.27,P,100.0,2,-2.86,733296.0,120130041.0,0,2022-05-05 13:41:50.138,0,0,1,2022-05-05
AAPL,2935,163.27,Z,100.0,2,-2.76,499504.0,81702089.0,0,2022-05-05 13:41:50.138,0,0,1,2022-05-05
AAPL,5670,163.275,D,100.0,1,-2.864,2587635.0,423644910.0,0,2022-05-05 13:41:50.300,0,0,1,2022-05-05
AAPL,5671,163.2963,D,100.0,1,-2.8436,2587884.0,423685570.0,0,2022-05-05 13:41:50.947,0,0,1,2022-05-05
AAPL,99296,163.2963,D,100.0,1,-2.7236,7192412.0,1177181770.0,0,2022-05-05 13:41:50.947,0,0,0,2022-05-05
AAPL,1424,163.28,U,100.0,2,-2.82,189926.0,31041690.0,0,2022-05-05 13:41:49.518,0,0,1,2022-05-05
AAPL,3416,163.27,P,100.0,2,-2.86,733396.0,120146370.0,0,2022-05-05 13:41:50.138,0,0,1,2022-05-05
AAPL,3418,163.27,P,100.0,2,-2.86,733796.0,120211680.0,0,2022-05-05 13:41:51.265,0,0,1,2022-05-05
AAPL,99320,163.27,P,100.0,2,-2.74,7193195.0,1177309620.0,0,2022-05-05 13:41:51.265,0,0,0,2022-05-05
AAPL,5671,163.2963,D,100.0,1,-2.8436,2587897.0,423687690.0,0,2022-05-05 13:41:50.947,0,0,1,2022-05-05
AAPL,1425,163.29,U,100.0,1,-2.81,190028.0,31058345.0,0,2022-05-05 13:41:51.189,0,0,1,2022-05-05
AAPL,120,163.29,X,100.0,2,-2.79,23298.0,3808989.9,0,2022-05-05 13:41:49.511,0,0,1,2022-05-05
AAPL,1272,163.28,J,100.0,2,-2.86,171648.0,28061079.0,0,2022-05-05 13:41:51.190,0,0,1,2022-05-05
AAPL,6215,163.28,Q,100.0,1,-2.73,2164187.0,354155580.0,0,2022-05-05 13:41:50.520,0,0,1,2022-05-05
AAPL,2935,163.27,Z,100.0,2,-2.76,499604.0,81718416.0,0,2022-05-05 13:41:50.138,0,0,1,2022-05-05
AAPL,1274,163.28,J,100.0,1,-2.86,171848.0,28093734.0,0,2022-05-05 13:41:51.652,0,0,1,2022-05-05
AAPL,99338,163.28,Q,100.0,2,-2.73,7193866.0,1177419180.0,0,2022-05-05 13:41:52.087,0,0,0,2022-05-05
AAPL,1425,163.29,U,100.0,1,-2.81,190093.0,31068959.0,0,2022-05-05 13:41:51.189,0,0,1,2022-05-05
AAPL,5673,163.2914,D,100.0,1,-2.8485,2588203.0,423737660.0,0,2022-05-05 13:41:51.963,0,0,1,2022-05-05
AAPL,6216,163.28,Q,100.0,1,-2.73,2164287.0,354171910.0,0,2022-05-05 13:41:52.087,0,0,1,2022-05-05
AAPL,5673,163.2914,D,100.0,1,-2.8485,2588205.0,423737990.0,0,2022-05-05 13:41:51.963,0,0,1,2022-05-05
AAPL,99339,163.28,Q,100.0,2,-2.73,7193868.0,1177419510.0,0,2022-05-05 13:41:52.087,0,0,0,2022-05-05
AAPL,6222,163.31,Q,100.0,1,-2.7,2164909.0,354273470.0,0,2022-05-05 13:41:52.489,0,0,1,2022-05-05
AAPL,99375,163.31,Q,100.0,1,-2.7,7195430.0,1177674560.0,0,2022-05-05 13:41:52.489,0,0,0,2022-05-05
AAPL,1428,163.29,U,100.0,1,-2.81,190393.0,31117943.0,0,2022-05-05 13:41:52.269,0,0,1,2022-05-05
AAPL,462,163.29,H,100.0,1,-2.65,59361.0,9691612.6,0,2022-05-05 13:41:52.269,0,0,1,2022-05-05
AAPL,5673,163.2914,D,100.0,1,-2.8485,2588215.0,423739620.0,0,2022-05-05 13:41:51.963,0,0,1,2022-05-05
AAPL,3420,163.3,P,100.0,1,-2.83,734026.0,120249240.0,0,2022-05-05 13:41:52.488,0,0,1,2022-05-05
AAPL,954,163.3,V,100.0,1,-2.84,168269.0,27517393.0,0,2022-05-05 13:41:52.340,0,0,1,2022-05-05
AAPL,5675,163.3,D,100.0,2,-2.83,2588434.0,423775380.0,0,2022-05-05 13:41:52.960,0,0,1,2022-05-05
AAPL,99520,163.3,D,100.0,2,-2.71,7201408.0,1178650850.0,0,2022-05-05 13:41:52.960,0,0,0,2022-05-05
AAPL,6237,163.31,Q,100.0,2,-2.7,2167317.0,354666730.0,0,2022-05-05 13:41:52.947,0,0,1,2022-05-05
AAPL,2939,163.32,Z,100.0,1,-2.71,500042.0,81789948.0,0,2022-05-05 13:41:52.928,0,0,1,2022-05-05
AAPL,1431,163.32,U,100.0,1,-2.78,190693.0,31166937.0,0,2022-05-05 13:41:52.927,0,0,1,2022-05-05
AAPL,464,163.31,H,100.0,1,-2.63,59561.0,9724274.6,0,2022-05-05 13:41:52.926,0,0,1,2022-05-05
AAPL,3426,163.31,P,100.0,2,-2.82,734886.0,120389688.0,0,2022-05-05 13:41:52.932,0,0,1,2022-05-05
AAPL,1280,163.31,J,100.0,1,-2.83,172505.0,28201027.0,0,2022-05-05 13:41:52.947,0,0,1,2022-05-05
AAPL,2381,163.31,K,100.0,2,-2.65,493435.0,80776262.0,0,2022-05-05 13:41:52.935,0,0,1,2022-05-05
AAPL,33,163.32,B,100.0,2,-2.69,6928.0,1134664.67,0,2022-05-05 13:41:52.927,0,0,1,2022-05-05
AAPL,955,163.32,V,100.0,1,-2.82,168369.0,27533725.0,0,2022-05-05 13:41:52.928,0,0,1,2022-05-05
AAPL,5676,163.2857,D,100.0,2,-2.8542,2588582.0,423799550.0,0,2022-05-05 13:41:53.575,0,0,1,2022-05-05
AAPL,99558,163.28,Q,100.0,2,-2.73,7202660.0,1178855290.0,0,2022-05-05 13:41:53.599,0,0,0,2022-05-05
AAPL,6241,163.28,Q,100.0,2,-2.73,2167818.0,354748540.0,0,2022-05-05 13:41:53.599,0,0,1,2022-05-05
AAPL,1281,163.29,J,100.0,2,-2.85,172605.0,28217356.0,0,2022-05-05 13:41:53.538,0,0,1,2022-05-05
AAPL,1432,163.29,U,100.0,2,-2.81,190794.0,31183429.0,0,2022-05-05 13:41:53.539,0,0,1,2022-05-05
AAPL,2383,163.29,K,100.0,2,-2.67,493635.0,80808920.0,0,2022-05-05 13:41:53.573,0,0,1,2022-05-05
AAPL,465,163.29,H,100.0,2,-2.65,59661.0,9740603.6,0,2022-05-05 13:41:53.573,0,0,1,2022-05-05
AAPL,3426,163.31,P,100.0,2,-2.82,734986.0,120406016.0,0,2022-05-05 13:41:52.932,0,0,1,2022-05-05
AAPL,2939,163.32,Z,100.0,1,-2.71,500044.0,81790274.0,0,2022-05-05 13:41:52.928,0,0,1,2022-05-05
AAPL,6241,163.28,Q,100.0,2,-2.73,2167920.0,354765190.0,0,2022-05-05 13:41:53.599,0,0,1,2022-05-05
AAPL,99573,163.27,H,100.0,2,-2.74,7203135.0,1178932840.0,0,2022-05-05 13:41:54.039,0,0,0,2022-05-05
AAPL,5678,163.2711,D,100.0,2,-2.8688,2588855.0,423844120.0,0,2022-05-05 13:41:53.721,0,0,1,2022-05-05
AAPL,466,163.27,H,100.0,2,-2.67,59761.0,9756930.6,0,2022-05-05 13:41:54.039,0,0,1,2022-05-05
AAPL,6247,163.26,Q,100.0,1,-2.75,2168720.0,354895800.0,0,2022-05-05 13:41:54.432,0,0,1,2022-05-05
AAPL,2942,163.26,Z,100.0,1,-2.77,500355.0,81841047.0,0,2022-05-05 13:41:54.431,0,0,1,2022-05-05
AAPL,99625,163.255,D,100.0,2,-2.764,7206630.0,1179503410.0,0,2022-05-05 13:41:54.422,0,0,0,2022-05-05
AAPL,2385,163.26,K,100.0,1,-2.7,494736.0,80988659.0,0,2022-05-05 13:41:54.431,0,0,1,2022-05-05
AAPL,3429,163.25,P,100.0,2,-2.88,735319.0,120460378.0,0,2022-05-05 13:41:54.129,0,0,1,2022-05-05
AAPL,1283,163.24,J,100.0,2,-2.9,172906.0,28266494.0,0,2022-05-05 13:41:54.132,0,0,1,2022-05-05
AAPL,466,163.27,H,100.0,2,-2.67,59767.0,9757910.1,0,2022-05-05 13:41:54.039,0,0,1,2022-05-05
AAPL,1433,163.25,U,100.0,2,-2.85,190935.0,31206447.0,0,2022-05-05 13:41:54.141,0,0,1,2022-05-05
AAPL,120,163.29,X,100.0,2,-2.79,23339.0,3815683.1,0,2022-05-05 13:41:49.511,0,0,1,2022-05-05
AAPL,76,163.25,Y,100.0,2,-2.89,19885.0,3253382.6,0,2022-05-05 13:41:54.308,0,0,1,2022-05-05
AAPL,5680,163.255,D,100.0,2,-2.884,2589216.0,423903060.0,0,2022-05-05 13:41:54.422,0,0,1,2022-05-05
AAPL,5683,163.27,D,100.0,1,-2.86,2591039.0,424200690.0,0,2022-05-05 13:41:55.069,0,0,1,2022-05-05
AAPL,99661,163.27,D,100.0,1,-2.74,7209574.0,1179984050.0,0,2022-05-05 13:41:55.069,0,0,0,2022-05-05
AAPL,1435,163.26,U,100.0,1,-2.84,191300.0,31266037.0,0,2022-05-05 13:41:54.968,0,0,1,2022-05-05
AAPL,6249,163.26,Q,100.0,1,-2.75,2168929.0,354929920.0,0,2022-05-05 13:41:55.005,0,0,1,2022-05-05
AAPL,1283,163.24,J,100.0,2,-2.9,172952.0,28274004.0,0,2022-05-05 13:41:54.132,0,0,1,2022-05-05
AAPL,467,163.26,H,100.0,2,-2.68,60027.0,9800357.1,0,2022-05-05 13:41:54.968,0,0,1,2022-05-05
AAPL,120,163.29,X,100.0,2,-2.79,23380.0,3822376.8,0,2022-05-05 13:41:49.511,0,0,1,2022-05-05
AAPL,2944,163.26,Z,100.0,1,-2.77,500555.0,81873699.0,0,2022-05-05 13:41:55.005,0,0,1,2022-05-05
AAPL,5686,163.28,D,900.0,1,-2.85,2593878.0,424664220.0,0,2022-05-05 13:41:55.548,0,0,1,2022-05-05
AAPL,99693,163.28,D,900.0,1,-2.73,7214143.0,1180730050.0,0,2022-05-05 13:41:55.548,0,0,0,2022-05-05
AAPL,6250,163.27,Q,100.0,1,-2.74,2169059.0,354951140.0,0,2022-05-05 13:41:55.246,0,0,1,2022-05-05
AAPL,1436,163.28,U,100.0,1,-2.82,191500.0,31298692.0,0,2022-05-05 13:41:55.548,0,0,1,2022-05-05
AAPL,2385,163.26,K,100.0,1,-2.7,494836.0,81004986.0,0,2022-05-05 13:41:54.431,0,0,1,2022-05-05
AAPL,469,163.28,H,100.0,1,-2.66,60227.0,9833013.1,0,2022-05-05 13:41:55.548,0,0,1,2022-05-05
AAPL,3431,163.28,P,817.0,1,-2.85,736419.0,120639986.0,0,2022-05-05 13:41:55.548,0,0,1,2022-05-05
AAPL,6252,163.27,Q,100.0,1,-2.74,2169372.0,355002250.0,0,2022-05-05 13:41:55.610,0,0,1,2022-05-05
AAPL,99697,163.27,Q,100.0,2,-2.74,7214456.0,1180781160.0,0,2022-05-05 13:41:55.610,0,0,0,2022-05-05
AAPL,3437,163.23,P,100.0,1,-2.9,737434.0,120805665.0,0,2022-05-05 13:41:56.004,0,0,1,2022-05-05
AAPL,6262,163.23,Q,100.0,2,-2.78,2170913.0,355253790.0,0,2022-05-05 13:41:55.997,0,0,1,2022-05-05
AAPL,99785,163.23,Z,100.0,1,-2.78,7218772.0,1181485670.0,0,2022-05-05 13:41:56.025,0,0,0,2022-05-05
AAPL,2387,163.23,K,100.0,2,-2.73,495096.0,81047426.0,0,2022-05-05 13:41:55.982,0,0,1,2022-05-05
AAPL,1437,163.24,U,100.0,2,-2.86,191700.0,31331340.0,0,2022-05-05 13:41:55.633,0,0,1,2022-05-05
AAPL,5688,163.23,D,100.0,1,-2.9,2594262.0,424726900.0,0,2022-05-05 13:41:56.010,0,0,1,2022-05-05
AAPL,2948,163.23,Z,100.0,1,-2.8,500955.0,81938991.0,0,2022-05-05 13:41:56.025,0,0,1,2022-05-05
AAPL,471,163.23,H,100.0,2,-2.71,60427.0,9865660.1,0,2022-05-05 13:41:55.982,0,0,1,2022-05-05
AAPL,1285,163.23,J,100.0,2,-2.91,173268.0,28325588.0,0,2022-05-05 13:41:55.996,0,0,1,2022-05-05
AAPL,6263,163.23,Q,100.0,2,-2.78,2171113.0,355286440.0,0,2022-05-05 13:41:56.443,0,0,1,2022-05-05
AAPL,99807,163.24,H,100.0,1,-2.77,7219657.0,1181630130.0,0,2022-05-05 13:41:56.572,0,0,0,2022-05-05
AAPL,2949,163.23,Z,100.0,1,-2.8,501055.0,81955314.0,0,2022-05-05 13:41:56.137,0,0,1,2022-05-05
AAPL,5689,163.235,D,100.0,1,-2.904,2594423.0,424753180.0,0,2022-05-05 13:41:56.170,0,0,1,2022-05-05
AAPL,955,163.32,V,100.0,1,-2.82,168378.0,27535194.0,0,2022-05-05 13:41:52.928,0,0,1,2022-05-05
AAPL,1287,163.24,J,100.0,1,-2.9,173468.0,28358235.0,0,2022-05-05 13:41:56.602,0,0,1,2022-05-05
AAPL,3439,163.24,P,200.0,1,-2.89,737734.0,120854637.0,0,2022-05-05 13:41:56.603,0,0,1,2022-05-05
AAPL,2388,163.24,K,100.0,1,-2.72,495211.0,81066199.0,0,2022-05-05 13:41:56.572,0,0,1,2022-05-05
AAPL,472,163.24,H,100.0,1,-2.7,60527.0,9881984.1,0,2022-05-05 13:41:56.572,0,0,1,2022-05-05
AAPL,6263,163.23,Q,100.0,2,-2.78,2171136.0,355290190.0,0,2022-05-05 13:41:56.443,0,0,1,2022-05-05
AAPL,99813,163.24,P,200.0,1,-2.77,7219980.0,1181682860.0,0,2022-05-05 13:41:56.603,0,0,0,2022-05-05
AAPL,5690,163.24,D,156.0,1,-2.89,2594621.0,424785500.0,0,2022-05-05 13:41:56.630,0,0,1,2022-05-05
AAPL,99852,163.26,H,100.0,1,-2.75,7221847.0,1181987650.0,0,2022-05-05 13:41:56.994,0,0,0,2022-05-05
AAPL,2389,163.24,K,121.0,1,-2.72,495413.0,81099173.0,0,2022-05-05 13:41:56.632,0,0,1,2022-05-05
AAPL,6265,163.26,Q,100.0,1,-2.75,2171597.0,355365450.0,0,2022-05-05 13:41:56.716,0,0,1,2022-05-05
AAPL,1439,163.26,U,100.0,1,-2.84,192000.0,31380315.0,0,2022-05-05 13:41:56.967,0,0,1,2022-05-05
AAPL,476,163.26,H,100.0,1,-2.68,60927.0,9947285.1,0,2022-05-05 13:41:56.994,0,0,1,2022-05-05
AAPL,2949,163.23,Z,100.0,1,-2.8,501057.0,81955641.0,0,2022-05-05 13:41:56.137,0,0,1,2022-05-05
AAPL,3442,163.26,P,100.0,1,-2.87,738038.0,120904268.0,0,2022-05-05 13:41:56.716,0,0,1,2022-05-05
AAPL,5690,163.24,D,156.0,1,-2.89,2594623.0,424785830.0,0,2022-05-05 13:41:56.630,0,0,1,2022-05-05
AAPL,99853,163.26,H,100.0,1,-2.75,7221849.0,1181987970.0,0,2022-05-05 13:41:56.994,0,0,0,2022-05-05
AAPL,478,163.25,H,100.0,2,-2.69,61127.0,9979937.1,0,2022-05-05 13:41:57.418,0,0,1,2022-05-05
AAPL,1441,163.25,U,100.0,2,-2.85,192201.0,31413130.0,0,2022-05-05 13:41:57.418,0,0,1,2022-05-05
AAPL,99873,163.23,Q,100.0,2,-2.78,7222720.0,1182130170.0,0,2022-05-05 13:41:57.483,0,0,0,2022-05-05
AAPL,5691,163.27,D,122.0,1,-2.86,2594793.0,424813580.0,0,2022-05-05 13:41:57.283,0,0,1,2022-05-05
AAPL,3443,163.25,P,100.0,2,-2.88,738138.0,120920593.0,0,2022-05-05 13:41:57.421,0,0,1,2022-05-05
AAPL,6266,163.23,Q,100.0,2,-2.78,2171797.0,355398090.0,0,2022-05-05 13:41:57.483,0,0,1,2022-05-05
AAPL,5692,163.2299,D,121.0,2,-2.91,2594996.0,424846720.0,0,2022-05-05 13:41:58.081,0,0,1,2022-05-05
AAPL,99891,163.2299,D,121.0,2,-2.79,7223323.0,1182228590.0,0,2022-05-05 13:41:58.081,0,0,0,2022-05-05
AAPL,6269,163.23,Q,100.0,2,-2.78,2172197.0,355463390.0,0,2022-05-05 13:41:57.840,0,0,1,2022-05-05
AAPL,5692,163.2299,D,121.0,2,-2.91,2594998.0,424847040.0,0,2022-05-05 13:41:58.081,0,0,1,2022-05-05
AAPL,99893,163.2299,D,121.0,2,-2.79,7223325.0,1182228920.0,0,2022-05-05 13:41:58.081,0,0,0,2022-05-05
AAPL,1445,163.24,U,100.0,2,-2.86,192601.0,31478427.0,0,2022-05-05 13:41:58.592,0,0,1,2022-05-05
AAPL,482,163.23,H,100.0,2,-2.71,61527.0,10045232.1,0,2022-05-05 13:41:58.592,0,0,1,2022-05-05
AAPL,99962,163.25,V,100.0,1,-2.76,7231567.0,1183574390.0,0,2022-05-05 13:41:58.593,0,0,0,2022-05-05
AAPL,6274,163.23,Q,100.0,2,-2.78,2172797.0,355561330.0,0,2022-05-05 13:41:58.592,0,0,1,2022-05-05
AAPL,5696,163.25,D,4449.0,1,-2.88,2600440.0,425735450.0,0,2022-05-05 13:41:58.584,0,0,1,2022-05-05
AAPL,3447,163.23,P,100.0,2,-2.9,738538.0,120985889.0,0,2022-05-05 13:41:58.593,0,0,1,2022-05-05
AAPL,2957,163.23,Z,100.0,2,-2.8,501857.0,82086231.0,0,2022-05-05 13:41:58.592,0,0,1,2022-05-05
AAPL,2390,163.24,K,100.0,1,-2.72,495513.0,81115497.0,0,2022-05-05 13:41:58.592,0,0,1,2022-05-05
AAPL,956,163.25,V,100.0,2,-2.89,168478.0,27551519.0,0,2022-05-05 13:41:58.593,0,0,1,2022-05-05
AAPL,5698,163.22,D,200.0,2,-2.91,2600795.0,425793390.0,0,2022-05-05 13:41:58.980,0,0,1,2022-05-05
AAPL,100021,163.22,D,200.0,2,-2.79,7234932.0,1184123660.0,0,2022-05-05 13:41:58.980,0,0,0,2022-05-05
AAPL,6283,163.22,Q,100.0,2,-2.79,2173819.0,355728150.0,0,2022-05-05 13:41:58.929,0,0,1,2022-05-05
AAPL,1447,163.23,U,100.0,2,-2.87,192801.0,31511074.0,0,2022-05-05 13:41:58.759,0,0,1,2022-05-05
AAPL,2962,163.22,Z,100.0,2,-2.81,502467.0,82185801.0,0,2022-05-05 13:41:58.924,0,0,1,2022-05-05
AAPL,484,163.23,H,100.0,2,-2.71,61796.0,10089142.0,0,2022-05-05 13:41:58.759,0,0,1,2022-05-05
AAPL,2392,163.22,K,500.0,2,-2.74,496213.0,81229753.0,0,2022-05-05 13:41:58.913,0,0,1,2022-05-05
AAPL,957,163.23,V,100.0,2,-2.91,168587.0,27569311.0,0,2022-05-05 13:41:58.759,0,0,1,2022-05-05
AAPL,3448,163.22,P,100.0,2,-2.91,738638.0,121002211.0,0,2022-05-05 13:41:58.763,0,0,1,2022-05-05
AAPL,5698,163.22,D,200.0,2,-2.91,2600799.0,425794050.0,0,2022-05-05 13:41:58.980,0,0,1,2022-05-05
AAPL,100022,163.22,D,200.0,2,-2.79,7234936.0,1184124310.0,0,2022-05-05 13:41:58.980,0,0,0,2022-05-05
AAPL,5703,163.23,D,150.0,2,-2.9,2601452.0,425900630.0,0,2022-05-05 13:41:59.460,0,0,1,2022-05-05
AAPL,100054,163.23,P,100.0,2,-2.78,7236186.0,1184328340.0,0,2022-05-05 13:41:59.557,0,0,0,2022-05-05
AAPL,6285,163.23,Q,100.0,1,-2.78,2174212.0,355792300.0,0,2022-05-05 13:41:59.557,0,0,1,2022-05-05
AAPL,2962,163.22,Z,100.0,2,-2.81,502471.0,82186454.0,0,2022-05-05 13:41:58.924,0,0,1,2022-05-05
AAPL,3450,163.23,P,100.0,1,-2.9,738838.0,121034857.0,0,2022-05-05 13:41:59.557,0,0,1,2022-05-05
AAPL,6290,163.22,Q,100.0,1,-2.79,2174863.0,355898550.0,0,2022-05-05 13:42:00.081,0,0,1,2022-05-05
AAPL,100101,163.23,P,100.0,1,-2.78,7239124.0,1184807880.0,0,2022-05-05 13:42:00.083,0,0,0,2022-05-05
AAPL,2392,163.22,K,500.0,2,-2.74,496276.0,81240035.0,0,2022-05-05 13:41:58.913,0,0,1,2022-05-05
AAPL,2962,163.22,Z,100.0,2,-2.81,502492.0,82189882.0,0,2022-05-05 13:41:58.924,0,0,1,2022-05-05
AAPL,485,163.21,H,100.0,2,-2.73,61900.0,10106115.9,0,2022-05-05 13:41:59.713,0,0,1,2022-05-05
AAPL,1448,163.22,U,100.0,2,-2.88,192901.0,31527396.0,0,2022-05-05 13:41:59.771,0,0,1,2022-05-05
AAPL,3455,163.23,P,100.0,1,-2.9,739430.0,121131486.0,0,2022-05-05 13:42:00.083,0,0,1,2022-05-05
AAPL,5707,163.22,D,200.0,1,-2.91,2602859.0,426130280.0,0,2022-05-05 13:41:59.985,0,0,1,2022-05-05
AAPL,5707,163.22,D,200.0,1,-2.91,2602869.0,426131920.0,0,2022-05-05 13:41:59.985,0,0,1,2022-05-05
AAPL,100102,163.23,P,100.0,1,-2.78,7239134.0,1184809510.0,0,2022-05-05 13:42:00.083,0,0,0,2022-05-05
AAPL,2962,163.22,Z,100.0,2,-2.81,502623.0,82211267.0,0,2022-05-05 13:41:58.924,0,0,1,2022-05-05
AAPL,100141,163.27,D,100.0,1,-2.74,7240190.0,1184981910.0,0,2022-05-05 13:42:00.577,0,0,0,2022-05-05
AAPL,1287,163.24,J,100.0,1,-2.9,173479.0,28360031.0,0,2022-05-05 13:41:56.602,0,0,1,2022-05-05
AAPL,6294,163.25,Q,100.0,1,-2.76,2175386.0,355983930.0,0,2022-05-05 13:42:00.155,0,0,1,2022-05-05
AAPL,3457,163.25,P,100.0,1,-2.88,739630.0,121164136.0,0,2022-05-05 13:42:00.154,0,0,1,2022-05-05
AAPL,2392,163.22,K,500.0,2,-2.74,496365.0,81254565.0,0,2022-05-05 13:41:58.913,0,0,1,2022-05-05
AAPL,5708,163.27,D,100.0,1,-2.86,2602971.0,426148570.0,0,2022-05-05 13:42:00.577,0,0,1,2022-05-05
AAPL,5708,163.27,D,100.0,1,-2.86,2602987.0,426151180.0,0,2022-05-05 13:42:00.577,0,0,1,2022-05-05
AAPL,100160,163.26,H,100.0,1,-2.75,7240958.0,1185107290.0,0,2022-05-05 13:42:01.084,0,0,0,2022-05-05
AAPL,6297,163.25,Q,100.0,2,-2.76,2175775.0,356047440.0,0,2022-05-05 13:42:00.960,0,0,1,2022-05-05
AAPL,3459,163.25,P,100.0,2,-2.88,739830.0,121196787.0,0,2022-05-05 13:42:00.960,0,0,1,2022-05-05
AAPL,486,163.26,H,100.0,1,-2.68,62063.0,10132726.0,0,2022-05-05 13:42:01.084,0,0,1,2022-05-05
AAPL,5709,163.263,D,100.0,2,-2.876,2603087.0,426167510.0,0,2022-05-05 13:42:01.106,0,0,1,2022-05-05
AAPL,100162,163.263,D,100.0,1,-2.756,7241058.0,1185123610.0,0,2022-05-05 13:42:01.106,0,0,0,2022-05-05
AAPL,5710,163.2591,D,100.0,2,-2.8808,2603323.0,426206040.0,0,2022-05-05 13:42:01.456,0,0,1,2022-05-05
AAPL,100205,163.24,Q,100.0,2,-2.77,7242595.0,1185374530.0,0,2022-05-05 13:42:01.597,0,0,0,2022-05-05
AAPL,6302,163.24,Q,100.0,2,-2.77,2176476.0,356161870.0,0,2022-05-05 13:42:01.597,0,0,1,2022-05-05
AAPL,1450,163.25,U,100.0,2,-2.85,193101.0,31560047.0,0,2022-05-05 13:42:01.459,0,0,1,2022-05-05
AAPL,1288,163.26,J,100.0,1,-2.88,173579.0,28376357.0,0,2022-05-05 13:42:01.235,0,0,1,2022-05-05
AAPL,487,163.26,H,100.0,1,-2.68,62163.0,10149052.0,0,2022-05-05 13:42:01.235,0,0,1,2022-05-05
AAPL,2963,163.25,Z,100.0,1,-2.78,502733.0,82229225.0,0,2022-05-05 13:42:01.459,0,0,1,2022-05-05
AAPL,3462,163.24,P,100.0,2,-2.89,740230.0,121262083.0,0,2022-05-05 13:42:01.598,0,0,1,2022-05-05
AAPL,6304,163.24,Q,100.0,2,-2.77,2176725.0,356202520.0,0,2022-05-05 13:42:01.598,0,0,1,2022-05-05
AAPL,100217,163.24,P,100.0,2,-2.77,7243154.0,1185465780.0,0,2022-05-05 13:42:01.598,0,0,0,2022-05-05
AAPL,3464,163.22,P,100.0,2,-2.91,740442.0,121296685.0,0,2022-05-05 13:42:01.615,0,0,1,2022-05-05
AAPL,100268,163.23,D,100.0,1,-2.78,7246451.0,1186003930.0,0,2022-05-05 13:42:02.066,0,0,0,2022-05-05
AAPL,6314,163.23,Q,100.0,1,-2.78,2177868.0,356389080.0,0,2022-05-05 13:42:02.065,0,0,1,2022-05-05
AAPL,2963,163.25,Z,100.0,1,-2.78,502759.0,82233469.0,0,2022-05-05 13:42:01.459,0,0,1,2022-05-05
AAPL,2392,163.22,K,500.0,2,-2.74,496439.0,81266644.0,0,2022-05-05 13:41:58.913,0,0,1,2022-05-05
AAPL,1289,163.22,J,100.0,2,-2.92,173679.0,28392679.0,0,2022-05-05 13:42:01.636,0,0,1,2022-05-05
AAPL,5716,163.23,D,100.0,1,-2.9,2604965.0,426474060.0,0,2022-05-05 13:42:02.066,0,0,1,2022-05-05
AAPL,1451,163.22,U,100.0,2,-2.88,193201.0,31576369.0,0,2022-05-05 13:42:01.874,0,0,1,2022-05-05
AAPL,5718,163.25,D,1000.0,2,-2.88,2606933.0,426795340.0,0,2022-05-05 13:42:02.438,0,0,1,2022-05-05
AAPL,100284,163.25,U,100.0,2,-2.76,7248621.0,1186358200.0,0,2022-05-05 13:42:02.535,0,0,0,2022-05-05
AAPL,2963,163.25,Z,100.0,1,-2.78,502761.0,82233795.0,0,2022-05-05 13:42:01.459,0,0,1,2022-05-05
AAPL,1453,163.25,U,100.0,1,-2.85,193401.0,31609019.0,0,2022-05-05 13:42:02.535,0,0,1,2022-05-05
AAPL,5723,163.2258,D,100.0,2,-2.9141,2610275.0,427340950.0,0,2022-05-05 13:42:03.040,0,0,1,2022-05-05
AAPL,100327,163.2258,D,100.0,2,-2.7941,7253403.0,1187138880.0,0,2022-05-05 13:42:03.040,0,0,0,2022-05-05
AAPL,1290,163.26,J,100.0,1,-2.88,173779.0,28409005.0,0,2022-05-05 13:42:02.739,0,0,1,2022-05-05
AAPL,6316,163.25,Q,100.0,1,-2.76,2178069.0,356421900.0,0,2022-05-05 13:42:03.007,0,0,1,2022-05-05
AAPL,2966,163.24,Z,100.0,2,-2.79,503061.0,82282769.0,0,2022-05-05 13:42:03.007,0,0,1,2022-05-05
AAPL,3466,163.24,P,100.0,1,-2.89,740681.0,121335701.0,0,2022-05-05 13:42:03.007,0,0,1,2022-05-05
AAPL,489,163.24,H,100.0,2,-2.7,62363.0,10181701.0,0,2022-05-05 13:42:03.007,0,0,1,2022-05-05
AAPL,2394,163.24,K,100.0,2,-2.72,496639.0,81299293.0,0,2022-05-05 13:42:03.007,0,0,1,2022-05-05
AAPL,1455,163.24,U,100.0,2,-2.86,193601.0,31641668.0,0,2022-05-05 13:42:03.007,0,0,1,2022-05-05
AAPL,5725,163.21,D,200.0,2,-2.92,2610629.0,427398730.0,0,2022-05-05 13:42:03.502,0,0,1,2022-05-05
AAPL,100365,163.21,P,100.0,2,-2.8,7255141.0,1187422550.0,0,2022-05-05 13:42:03.513,0,0,0,2022-05-05
AAPL,6321,163.21,Q,100.0,2,-2.8,2178853.0,356549860.0,0,2022-05-05 13:42:03.513,0,0,1,2022-05-05
AAPL,1456,163.22,U,100.0,2,-2.88,193701.0,31657990.0,0,2022-05-05 13:42:03.178,0,0,1,2022-05-05
AAPL,958,163.215,V,100.0,2,-2.934,168687.0,27585633.0,0,2022-05-05 13:42:03.377,0,0,1,2022-05-05
AAPL,3468,163.21,P,100.0,2,-2.92,740881.0,121368343.0,0,2022-05-05 13:42:03.513,0,0,1,2022-05-05
AAPL,2968,163.21,Z,100.0,2,-2.82,503261.0,82315411.0,0,2022-05-05 13:42:03.513,0,0,1,2022-05-05
AAPL,2976,163.21,Z,100.0,2,-2.82,504161.0,82462300.0,0,2022-05-05 13:42:03.936,0,0,1,2022-05-05
AAPL,100440,163.2,P,100.0,2,-2.81,7259193.0,1188083880.0,0,2022-05-05 13:42:03.947,0,0,0,2022-05-05
AAPL,5727,163.21,D,100.0,2,-2.92,2611046.0,427466790.0,0,2022-05-05 13:42:03.927,0,0,1,2022-05-05
AAPL,491,163.21,H,100.0,2,-2.73,62578.0,10216792.2,0,2022-05-05 13:42:03.875,0,0,1,2022-05-05
AAPL,6335,163.21,Q,100.0,2,-2.8,2180453.0,356810990.0,0,2022-05-05 13:42:03.941,0,0,1,2022-05-05
AAPL,120,163.29,X,100.0,2,-2.79,23395.0,3824824.9,0,2022-05-05 13:41:49.511,0,0,1,2022-05-05
AAPL,3471,163.2,P,100.0,2,-2.93,741386.0,121450763.0,0,2022-05-05 13:42:03.947,0,0,1,2022-05-05
AAPL,959,163.21,V,100.0,2,-2.93,168787.0,27601954.0,0,2022-05-05 13:42:03.874,0,0,1,2022-05-05
AAPL,2395,163.21,K,200.0,2,-2.75,496839.0,81331935.0,0,2022-05-05 13:42:03.927,0,0,1,2022-05-05
AAPL,1291,163.21,J,100.0,2,-2.93,173879.0,28425326.0,0,2022-05-05 13:42:03.927,0,0,1,2022-05-05
AAPL,1456,163.22,U,100.0,2,-2.88,193739.0,31664192.0,0,2022-05-05 13:42:03.178,0,0,1,2022-05-05
AAPL,100456,163.21,D,500.0,2,-2.8,7260229.0,1188252960.0,0,2022-05-05 13:42:04.561,0,0,0,2022-05-05
AAPL,5729,163.21,D,500.0,2,-2.92,2611648.0,427565040.0,0,2022-05-05 13:42:04.561,0,0,1,2022-05-05
AAPL,6336,163.21,Q,100.0,2,-2.8,2180749.0,356859300.0,0,2022-05-05 13:42:04.540,0,0,1,2022-05-05
AAPL,1292,163.22,J,100.0,1,-2.92,173979.0,28441648.0,0,2022-05-05 13:42:04.297,0,0,1,2022-05-05
AAPL,5737,163.1901,D,600.0,2,-2.9498,2614484.0,428027870.0,0,2022-05-05 13:42:05.053,0,0,1,2022-05-05
AAPL,100592,163.17,K,100.0,2,-2.84,7269057.0,1189693630.0,0,2022-05-05 13:42:05.094,0,0,0,2022-05-05
AAPL,6355,163.17,Q,100.0,2,-2.84,2182969.0,357221590.0,0,2022-05-05 13:42:05.094,0,0,1,2022-05-05
AAPL,2984,163.17,Z,100.0,2,-2.86,505181.0,82628753.0,0,2022-05-05 13:42:05.094,0,0,1,2022-05-05
AAPL,2406,163.17,K,100.0,2,-2.79,498447.0,81594344.0,0,2022-05-05 13:42:05.094,0,0,1,2022-05-05
AAPL,1459,163.18,U,100.0,2,-2.92,194039.0,31713149.0,0,2022-05-05 13:42:05.093,0,0,1,2022-05-05
AAPL,493,163.19,H,100.0,2,-2.75,62819.0,10256121.6,0,2022-05-05 13:42:05.092,0,0,1,2022-05-05
AAPL,3473,163.19,P,100.0,2,-2.94,741587.0,121483564.0,0,2022-05-05 13:42:04.703,0,0,1,2022-05-05
AAPL,1295,163.19,J,100.0,1,-2.95,174281.0,28490930.0,0,2022-05-05 13:42:04.690,0,0,1,2022-05-05
AAPL,960,163.185,V,100.0,2,-2.964,168887.0,27618272.0,0,2022-05-05 13:42:04.702,0,0,1,2022-05-05
AAPL,1296,163.19,J,100.0,1,-2.95,174381.0,28507249.0,0,2022-05-05 13:42:05.103,0,0,1,2022-05-05
AAPL,100602,163.19,Q,100.0,1,-2.82,7269557.0,1189775220.0,0,2022-05-05 13:42:05.107,0,0,0,2022-05-05
AAPL,2985,163.19,Z,100.0,1,-2.84,505281.0,82645072.0,0,2022-05-05 13:42:05.104,0,0,1,2022-05-05
AAPL,3475,163.19,P,100.0,2,-2.94,741787.0,121516202.0,0,2022-05-05 13:42:05.104,0,0,1,2022-05-05
AAPL,6356,163.19,Q,100.0,1,-2.82,2183069.0,357237910.0,0,2022-05-05 13:42:05.107,0,0,1,2022-05-05
AAPL,5745,163.19,D,100.0,2,-2.94,2618473.0,428678850.0,0,2022-05-05 13:42:05.576,0,0,1,2022-05-05
AAPL,100674,163.16,K,100.0,2,-2.85,7275989.0,1190824840.0,0,2022-05-05 13:42:05.594,0,0,0,2022-05-05
AAPL,6364,163.17,Q,100.0,2,-2.84,2184262.0,357432580.0,0,2022-05-05 13:42:05.593,0,0,1,2022-05-05
AAPL,960,163.185,V,100.0,2,-2.964,168976.0,27632796.0,0,2022-05-05 13:42:04.702,0,0,1,2022-05-05
AAPL,1460,163.18,U,100.0,2,-2.92,194139.0,31729467.0,0,2022-05-05 13:42:05.464,0,0,1,2022-05-05
AAPL,1298,163.18,J,100.0,2,-2.96,174632.0,28548207.0,0,2022-05-05 13:42:05.602,0,0,1,2022-05-05
AAPL,2410,163.16,K,100.0,2,-2.8,498860.0,81661733.0,0,2022-05-05 13:42:05.594,0,0,1,2022-05-05
AAPL,3478,163.17,P,100.0,2,-2.96,742087.0,121565154.0,0,2022-05-05 13:42:05.593,0,0,1,2022-05-05
AAPL,2986,163.17,Z,100.0,2,-2.86,505478.0,82677216.0,0,2022-05-05 13:42:05.593,0,0,1,2022-05-05
AAPL,100680,163.1701,D,100.0,2,-2.8498,7276289.0,1190873790.0,0,2022-05-05 13:42:05.608,0,0,0,2022-05-05
AAPL,3479,163.18,P,100.0,1,-2.95,742187.0,121581472.0,0,2022-05-05 13:42:05.607,0,0,1,2022-05-05
AAPL,5746,163.1701,D,100.0,2,-2.9698,2618573.0,428695160.0,0,2022-05-05 13:42:05.608,0,0,1,2022-05-05
AAPL,494,163.19,H,100.0,2,-2.75,62919.0,10272440.6,0,2022-05-05 13:42:05.687,0,0,1,2022-05-05
AAPL,100752,163.25,D,300.0,1,-2.76,7280780.0,1191606840.0,0,2022-05-05 13:42:06.091,0,0,0,2022-05-05
AAPL,1463,163.21,U,100.0,1,-2.89,194586.0,31802418.0,0,2022-05-05 13:42:05.773,0,0,1,2022-05-05
AAPL,5752,163.25,D,300.0,1,-2.88,2619951.0,428920100.0,0,2022-05-05 13:42:06.091,0,0,1,2022-05-05
AAPL,6370,163.23,Q,112.0,1,-2.78,2185462.0,357628450.0,0,2022-05-05 13:42:05.912,0,0,1,2022-05-05
AAPL,2988,163.23,Z,200.0,1,-2.8,505824.0,82733691.0,0,2022-05-05 13:42:05.908,0,0,1,2022-05-05
AAPL,1298,163.18,J,100.0,2,-2.96,174732.0,28564530.0,0,2022-05-05 13:42:05.602,0,0,1,2022-05-05
AAPL,2412,163.23,K,103.0,1,-2.73,499260.0,81727025.0,0,2022-05-05 13:42:05.912,0,0,1,2022-05-05
AAPL,3482,163.23,P,119.0,1,-2.9,742707.0,121666352.0,0,2022-05-05 13:42:05.908,0,0,1,2022-05-05
AAPL,5752,163.25,D,300.0,1,-2.88,2620048.0,428935940.0,0,2022-05-05 13:42:06.091,0,0,1,2022-05-05
AAPL,100784,163.24,P,100.0,2,-2.77,7281877.0,1191785920.0,0,2022-05-05 13:42:06.438,0,0,0,2022-05-05
AAPL,2412,163.23,K,103.0,1,-2.73,499261.0,81727188.0,0,2022-05-05 13:42:05.912,0,0,1,2022-05-05
AAPL,1464,163.24,U,100.0,1,-2.86,194703.0,31821518.0,0,2022-05-05 13:42:06.604,0,0,1,2022-05-05
AAPL,1299,163.24,J,100.0,1,-2.9,174839.0,28581997.0,0,2022-05-05 13:42:06.438,0,0,1,2022-05-05
AAPL,6376,163.24,Q,100.0,2,-2.77,2186062.0,357726400.0,0,2022-05-05 13:42:06.607,0,0,1,2022-05-05
AAPL,2990,163.24,Z,100.0,1,-2.79,506124.0,82782663.0,0,2022-05-05 13:42:06.604,0,0,1,2022-05-05
AAPL,494,163.19,H,100.0,2,-2.75,62994.0,10284683.6,0,2022-05-05 13:42:05.687,0,0,1,2022-05-05
AAPL,3484,163.24,P,100.0,1,-2.89,742907.0,121699000.0,0,2022-05-05 13:42:06.438,0,0,1,2022-05-05
AAPL,100792,163.24,Q,100.0,2,-2.77,7282277.0,1191851210.0,0,2022-05-05 13:42:06.607,0,0,0,2022-05-05
AAPL,5756,163.235,D,300.0,2,-2.904,2622033.0,429259960.0,0,2022-05-05 13:42:07.006,0,0,1,2022-05-05
AAPL,100810,163.235,D,300.0,2,-2.784,7284328.0,1192186010.0,0,2022-05-05 13:42:07.006,0,0,0,2022-05-05
AAPL,6376,163.24,Q,100.0,2,-2.77,2186118.0,357735540.0,0,2022-05-05 13:42:06.607,0,0,1,2022-05-05
AAPL,2990,163.24,Z,100.0,1,-2.79,506134.0,82784296.0,0,2022-05-05 13:42:06.604,0,0,1,2022-05-05
AAPL,5759,163.23,D,100.0,2,-2.9,2622334.0,429309090.0,0,2022-05-05 13:42:07.105,0,0,1,2022-05-05
AAPL,100850,163.23,D,100.0,2,-2.78,7286659.0,1192566500.0,0,2022-05-05 13:42:07.105,0,0,0,2022-05-05
AAPL,1300,163.23,J,100.0,2,-2.91,174992.0,28606972.0,0,2022-05-05 13:42:07.103,0,0,1,2022-05-05
AAPL,961,163.23,V,100.0,1,-2.91,169076.0,27649119.0,0,2022-05-05 13:42:07.105,0,0,1,2022-05-05
AAPL,6378,163.23,Q,100.0,2,-2.78,2186574.0,357809970.0,0,2022-05-05 13:42:07.107,0,0,1,2022-05-05
AAPL,2417,163.23,K,100.0,1,-2.73,499761.0,81808803.0,0,2022-05-05 13:42:07.107,0,0,1,2022-05-05
AAPL,2992,163.23,Z,100.0,2,-2.8,506434.0,82833265.0,0,2022-05-05 13:42:07.107,0,0,1,2022-05-05
AAPL,3488,163.23,P,100.0,2,-2.9,743407.0,121780615.0,0,2022-05-05 13:42:07.107,0,0,1,2022-05-05
AAPL,76,163.25,Y,100.0,2,-2.89,19906.0,3256810.6,0,2022-05-05 13:41:54.308,0,0,1,2022-05-05
AAPL,2996,163.21,Z,100.0,2,-2.82,506856.0,82902142.0,0,2022-05-05 13:42:07.306,0,0,1,2022-05-05
AAPL,100889,163.21,D,100.0,2,-2.8,7288798.0,1192915620.0,0,2022-05-05 13:42:07.591,0,0,0,2022-05-05
AAPL,5769,163.21,D,100.0,2,-2.92,2623784.0,429545760.0,0,2022-05-05 13:42:07.591,0,0,1,2022-05-05
AAPL,1465,163.22,U,100.0,2,-2.88,194803.0,31837840.0,0,2022-05-05 13:42:07.306,0,0,1,2022-05-05
AAPL,495,163.22,H,100.0,1,-2.72,63094.0,10301005.6,0,2022-05-05 13:42:07.306,0,0,1,2022-05-05
AAPL,2417,163.23,K,100.0,1,-2.73,499828.0,81819740.0,0,2022-05-05 13:42:07.107,0,0,1,2022-05-05
AAPL,5769,163.21,D,100.0,2,-2.92,2623785.0,429545920.0,0,2022-05-05 13:42:07.591,0,0,1,2022-05-05
AAPL,100890,163.21,D,100.0,2,-2.8,7288799.0,1192915790.0,0,2022-05-05 13:42:07.591,0,0,0,2022-05-05
AAPL,3490,163.21,P,100.0,2,-2.92,743608.0,121813420.0,0,2022-05-05 13:42:07.718,0,0,1,2022-05-05
AAPL,100899,163.19,D,100.0,2,-2.82,7289167.0,1192975850.0,0,2022-05-05 13:42:08.073,0,0,0,2022-05-05
AAPL,5770,163.19,D,100.0,2,-2.94,2623952.0,429573180.0,0,2022-05-05 13:42:08.073,0,0,1,2022-05-05
AAPL,5773,163.18,D,100.0,2,-2.95,2624567.0,429673540.0,0,2022-05-05 13:42:08.428,0,0,1,2022-05-05
AAPL,6383,163.18,Q,100.0,2,-2.83,2187311.0,357930240.0,0,2022-05-05 13:42:08.295,0,0,1,2022-05-05
AAPL,100953,163.18,D,100.0,2,-2.83,7291562.0,1193366700.0,0,2022-05-05 13:42:08.428,0,0,0,2022-05-05
AAPL,1301,163.19,J,100.0,2,-2.95,175192.0,28639611.0,0,2022-05-05 13:42:08.321,0,0,1,2022-05-05
AAPL,496,163.2,H,100.0,2,-2.74,63194.0,10317325.6,0,2022-05-05 13:42:08.147,0,0,1,2022-05-05
AAPL,2996,163.21,Z,100.0,2,-2.82,506997.0,82925153.0,0,2022-05-05 13:42:07.306,0,0,1,2022-05-05
AAPL,2418,163.2,K,100.0,2,-2.76,500013.0,81849931.0,0,2022-05-05 13:42:08.147,0,0,1,2022-05-05
AAPL,3491,163.2,P,100.0,2,-2.93,744025.0,121881472.0,0,2022-05-05 13:42:08.147,0,0,1,2022-05-05
AAPL,6389,163.17,Q,100.0,2,-2.84,2188210.0,358076930.0,0,2022-05-05 13:42:08.918,0,0,1,2022-05-05
AAPL,2419,163.17,K,100.0,2,-2.79,500129.0,81868859.0,0,2022-05-05 13:42:08.918,0,0,1,2022-05-05
AAPL,100984,163.17,J,100.0,2,-2.84,7293029.0,1193606070.0,0,2022-05-05 13:42:09.085,0,0,0,2022-05-05
AAPL,1466,163.17,U,100.0,2,-2.93,194903.0,31854157.0,0,2022-05-05 13:42:08.640,0,0,1,2022-05-05
AAPL,5773,163.18,D,100.0,2,-2.95,2624619.0,429682030.0,0,2022-05-05 13:42:08.428,0,0,1,2022-05-05
AAPL,3492,163.17,P,100.0,2,-2.96,744125.0,121897789.0,0,2022-05-05 13:42:08.918,0,0,1,2022-05-05
AAPL,2998,163.17,Z,1000.0,2,-2.86,508097.0,83104640.0,0,2022-05-05 13:42:09.100,0,0,1,2022-05-05
AAPL,1302,163.17,J,100.0,2,-2.97,175292.0,28655928.0,0,2022-05-05 13:42:09.085,0,0,1,2022-05-05
AAPL,100986,163.17,Z,1000.0,2,-2.84,7294029.0,1193769240.0,0,2022-05-05 13:42:09.100,0,0,0,2022-05-05
AAPL,5774,163.18,D,300.0,2,-2.95,2624967.0,429738810.0,0,2022-05-05 13:42:09.310,0,0,1,2022-05-05
AAPL,101006,163.18,D,300.0,1,-2.83,7294672.0,1193874160.0,0,2022-05-05 13:42:09.310,0,0,0,2022-05-05
AAPL,6389,163.17,Q,100.0,2,-2.84,2188261.0,358085260.0,0,2022-05-05 13:42:08.918,0,0,1,2022-05-05
AAPL,1467,163.16,U,100.0,2,-2.94,195003.0,31870473.0,0,2022-05-05 13:42:09.173,0,0,1,2022-05-05
AAPL,2998,163.17,Z,1000.0,2,-2.86,508138.0,83111329.0,0,2022-05-05 13:42:09.100,0,0,1,2022-05-05
AAPL,1303,163.17,J,100.0,2,-2.97,175392.0,28672245.0,0,2022-05-05 13:42:09.181,0,0,1,2022-05-05
AAPL,961,163.23,V,100.0,1,-2.91,169079.0,27649608.0,0,2022-05-05 13:42:07.105,0,0,1,2022-05-05
AAPL,5786,163.13,D,400.0,2,-3.0,2629278.0,430442120.0,0,2022-05-05 13:42:10.023,0,0,1,2022-05-05
AAPL,101148,163.13,D,400.0,2,-2.88,7305047.0,1195566870.0,0,2022-05-05 13:42:10.023,0,0,0,2022-05-05
AAPL,33,163.32,B,100.0,2,-2.69,6931.0,1135154.21,0,2022-05-05 13:41:52.927,0,0,1,2022-05-05
AAPL,6403,163.14,Q,100.0,2,-2.87,2189873.0,358348280.0,0,2022-05-05 13:42:10.012,0,0,1,2022-05-05
AAPL,3497,163.14,P,100.0,2,61.0,745352.0,122097998.0,0,2022-05-05 13:42:10.012,0,0,1,2022-05-05
AAPL,1303,163.17,J,100.0,2,-2.97,175405.0,28674366.0,0,2022-05-05 13:42:09.181,0,0,1,2022-05-05
AAPL,3007,163.15,Z,100.0,1,-2.88,509310.0,83302545.0,0,2022-05-05 13:42:10.022,0,0,1,2022-05-05
AAPL,1469,163.16,U,100.0,2,-2.94,195203.0,31903108.0,0,2022-05-05 13:42:10.011,0,0,1,2022-05-05
AAPL,2427,163.14,K,100.0,2,-2.82,501469.0,82087475.0,0,2022-05-05 13:42:10.019,0,0,1,2022-05-05
AAPL,77,163.16,Y,300.0,2,-2.98,20206.0,3305758.6,0,2022-05-05 13:42:10.011,0,0,1,2022-05-05
AAPL,497,163.16,H,100.0,2,-2.78,63327.0,10339025.8,0,2022-05-05 13:42:10.011,0,0,1,2022-05-05
AAPL,120,163.29,X,100.0,2,-2.79,23412.0,3827598.8,0,2022-05-05 13:41:49.511,0,0,1,2022-05-05
AAPL,961,163.23,V,100.0,1,-2.91,169126.0,27657277.0,0,2022-05-05 13:42:07.105,0,0,1,2022-05-05
AAPL,3011,163.13,Z,100.0,2,-2.9,509710.0,83367802.0,0,2022-05-05 13:42:10.397,0,0,1,2022-05-05
AAPL,2428,163.13,K,100.0,2,-2.83,501773.0,82137071.0,0,2022-05-05 13:42:10.397,0,0,1,2022-05-05
AAPL,500,163.14,H,100.0,2,-2.8,63627.0,10387969.8,0,2022-05-05 13:42:10.397,0,0,1,2022-05-05
AAPL,6416,163.15,Q,100.0,1,-2.86,2191473.0,358609300.0,0,2022-05-05 13:42:10.476,0,0,1,2022-05-05
AAPL,3501,163.15,P,100.0,1,-2.98,745752.0,122163254.0,0,2022-05-05 13:42:10.476,0,0,1,2022-05-05
AAPL,1472,163.14,U,100.0,2,-2.96,195555.0,31960532.0,0,2022-05-05 13:42:10.407,0,0,1,2022-05-05
AAPL,101232,163.145,D,100.0,2,-2.874,7308852.0,1196187620.0,0,2022-05-05 13:42:10.527,0,0,0,2022-05-05
AAPL,1304,163.15,J,100.0,2,61.0,175505.0,28690681.0,0,2022-05-05 13:42:10.176,0,0,1,2022-05-05
AAPL,5788,163.145,D,100.0,2,-2.994,2629523.0,430482090.0,0,2022-05-05 13:42:10.527,0,0,1,2022-05-05
AAPL,120,163.29,X,100.0,2,-2.79,23416.0,3828251.4,0,2022-05-05 13:41:49.511,0,0,1,2022-05-05
AAPL,962,163.145,V,100.0,2,-3.004,169226.0,27673591.0,0,2022-05-05 13:42:10.479,0,0,1,2022-05-05
AAPL,5795,163.15,D,100.0,2,-2.98,2634278.0,431257920.0,0,2022-05-05 13:42:11.010,0,0,1,2022-05-05
AAPL,101299,163.15,Q,100.0,2,-2.86,7315728.0,1197309480.0,0,2022-05-05 13:42:11.066,0,0,0,2022-05-05
AAPL,1306,163.14,J,100.0,2,-3.0,175705.0,28723312.0,0,2022-05-05 13:42:10.658,0,0,1,2022-05-05
AAPL,6426,163.15,Q,100.0,1,-2.86,2192628.0,358797740.0,0,2022-05-05 13:42:11.066,0,0,1,2022-05-05
AAPL,1473,163.14,U,100.0,2,-2.96,195655.0,31976846.0,0,2022-05-05 13:42:10.658,0,0,1,2022-05-05
AAPL,2429,163.14,K,100.0,1,-2.82,501978.0,82170514.0,0,2022-05-05 13:42:10.658,0,0,1,2022-05-05
AAPL,3015,163.15,Z,100.0,1,-2.88,510110.0,83433060.0,0,2022-05-05 13:42:10.667,0,0,1,2022-05-05
AAPL,77,163.16,Y,300.0,2,-2.98,20257.0,3314079.3,0,2022-05-05 13:42:10.011,0,0,1,2022-05-05
AAPL,3501,163.15,P,100.0,1,-2.98,745762.0,122164886.0,0,2022-05-05 13:42:10.476,0,0,1,2022-05-05
AAPL,5800,163.1499,D,307.0,1,-2.99,2635894.0,431521560.0,0,2022-05-05 13:42:11.536,0,0,1,2022-05-05
AAPL,101376,163.15,J,200.0,1,-2.86,7320238.0,1198045250.0,0,2022-05-05 13:42:11.598,0,0,0,2022-05-05
AAPL,6436,163.15,Q,300.0,1,-2.86,2193894.0,359004270.0,0,2022-05-05 13:42:11.598,0,0,1,2022-05-05
AAPL,3506,163.15,P,200.0,1,-2.98,746524.0,122289199.0,0,2022-05-05 13:42:11.598,0,0,1,2022-05-05
AAPL,3021,163.14,Z,100.0,2,-2.89,510710.0,83530944.0,0,2022-05-05 13:42:11.198,0,0,1,2022-05-05
AAPL,1307,163.15,J,200.0,1,61.0,175905.0,28755942.0,0,2022-05-05 13:42:11.598,0,0,1,2022-05-05
AAPL,2429,163.14,K,100.0,1,-2.82,502044.0,82181282.0,0,2022-05-05 13:42:10.658,0,0,1,2022-05-05
AAPL,6444,163.14,Q,100.0,2,-2.87,2194694.0,359134780.0,0,2022-05-05 13:42:12.060,0,0,1,2022-05-05
AAPL,101495,163.15,P,100.0,1,-2.86,7326589.0,1199081350.0,0,2022-05-05 13:42:12.070,0,0,0,2022-05-05
AAPL,1478,163.14,U,100.0,2,-2.96,196155.0,32058416.0,0,2022-05-05 13:42:11.720,0,0,1,2022-05-05
AAPL,1317,163.14,J,100.0,1,-3.0,176905.0,28919081.0,0,2022-05-05 13:42:12.065,0,0,1,2022-05-05
AAPL,3030,163.14,Z,100.0,2,-2.89,511680.0,83689191.0,0,2022-05-05 13:42:11.720,0,0,1,2022-05-05
AAPL,3518,163.15,P,100.0,1,-2.98,747763.0,122491332.0,0,2022-05-05 13:42:12.070,0,0,1,2022-05-05
AAPL,5805,163.13,D,312.0,2,-3.0,2637136.0,431724170.0,0,2022-05-05 13:42:12.041,0,0,1,2022-05-05
AAPL,2431,163.14,K,100.0,1,-2.82,502244.0,82213910.0,0,2022-05-05 13:42:11.720,0,0,1,2022-05-05
AAPL,964,163.14,V,300.0,2,-3.0,169626.0,27738847.0,0,2022-05-05 13:42:11.716,0,0,1,2022-05-05
AAPL,6456,163.13,Q,100.0,1,-2.88,2195973.0,359343420.0,0,2022-05-05 13:42:12.161,0,0,1,2022-05-05
AAPL,3036,163.125,Z,100.0,2,-2.914,512380.0,83803381.0,0,2022-05-05 13:42:12.160,0,0,1,2022-05-05
AAPL,101590,163.1399,D,288.0,2,-2.88,7332193.0,1199995540.0,0,2022-05-05 13:42:12.328,0,0,0,2022-05-05
AAPL,3523,163.13,P,100.0,2,-3.0,748264.0,122573060.0,0,2022-05-05 13:42:12.160,0,0,1,2022-05-05
AAPL,2433,163.13,K,100.0,2,-2.83,502496.0,82255019.0,0,2022-05-05 13:42:12.161,0,0,1,2022-05-05
AAPL,5810,163.1399,D,288.0,2,-3.0,2639192.0,432059580.0,0,2022-05-05 13:42:12.328,0,0,1,2022-05-05
AAPL,1479,163.13,U,100.0,2,-2.97,196455.0,32107354.0,0,2022-05-05 13:42:12.206,0,0,1,2022-05-05
AAPL,121,163.13,X,100.0,2,-2.95,23532.0,3847174.5,0,2022-05-05 13:42:12.161,0,0,1,2022-05-05
AAPL,502,163.13,H,100.0,1,-2.81,63827.0,10420594.8,0,2022-05-05 13:42:12.206,0,0,1,2022-05-05
AAPL,1317,163.14,J,100.0,1,-3.0,177005.0,28935394.0,0,2022-05-05 13:42:12.065,0,0,1,2022-05-05
AAPL,437,163.29,N,100.0,2,-2.65,63566.0,10386762.0,0,2022-05-05 13:41:49.510,0,0,1,2022-05-05
AAPL,5817,163.13,D,600.0,1,-3.0,2642669.0,432626830.0,0,2022-05-05 13:42:13.037,0,0,1,2022-05-05
AAPL,101654,163.13,D,600.0,1,-2.88,7338206.0,1200976490.0,0,2022-05-05 13:42:13.037,0,0,0,2022-05-05
AAPL,1482,163.13,U,100.0,2,-2.97,196823.0,32167388.0,0,2022-05-05 13:42:12.894,0,0,1,2022-05-05
AAPL,2433,163.13,K,100.0,2,-2.83,502544.0,82262849.0,0,2022-05-05 13:42:12.161,0,0,1,2022-05-05
AAPL,967,163.13,V,300.0,2,-3.01,170126.0,27820412.0,0,2022-05-05 13:42:12.660,0,0,1,2022-05-05
AAPL,6460,163.12,Q,100.0,2,-2.89,2196806.0,359479310.0,0,2022-05-05 13:42:12.908,0,0,1,2022-05-05
AAPL,3037,163.13,Z,100.0,1,-2.9,512621.0,83842696.0,0,2022-05-05 13:42:12.894,0,0,1,2022-05-05
AAPL,502,163.13,H,100.0,1,-2.81,63873.0,10428098.8,0,2022-05-05 13:42:12.206,0,0,1,2022-05-05
AAPL,3526,163.14,P,100.0,1,61.0,748564.0,122622001.0,0,2022-05-05 13:42:12.894,0,0,1,2022-05-05
AAPL,1319,163.13,J,100.0,2,-3.01,177205.0,28968021.0,0,2022-05-05 13:42:12.894,0,0,1,2022-05-05
AAPL,5822,163.12,D,100.0,2,-3.01,2643308.0,432731070.0,0,2022-05-05 13:42:13.210,0,0,1,2022-05-05
AAPL,101703,163.12,Q,100.0,2,-2.89,7340380.0,1201331110.0,0,2022-05-05 13:42:13.315,0,0,0,2022-05-05
AAPL,1484,163.12,U,100.0,2,-2.98,197023.0,32200012.0,0,2022-05-05 13:42:13.175,0,0,1,2022-05-05
AAPL,6468,163.12,Q,100.0,2,-2.89,2197718.0,359628080.0,0,2022-05-05 13:42:13.315,0,0,1,2022-05-05
AAPL,3038,163.12,Z,100.0,2,-2.91,512721.0,83859008.0,0,2022-05-05 13:42:13.171,0,0,1,2022-05-05
AAPL,2433,163.13,K,100.0,2,-2.83,502547.0,82263339.0,0,2022-05-05 13:42:12.161,0,0,1,2022-05-05
AAPL,504,163.12,H,100.0,2,-2.82,64093.0,10463985.2,0,2022-05-05 13:42:13.175,0,0,1,2022-05-05
AAPL,3527,163.12,P,100.0,2,-3.01,748664.0,122638313.0,0,2022-05-05 13:42:13.171,0,0,1,2022-05-05
AAPL,6473,163.15,Q,100.0,1,-2.86,2198604.0,359772620.0,0,2022-05-05 13:42:13.880,0,0,1,2022-05-05
AAPL,101793,163.14,D,100.0,2,-2.87,7345534.0,1202171970.0,0,2022-05-05 13:42:13.802,0,0,0,2022-05-05
AAPL,969,163.13,V,100.0,2,-3.01,170365.0,27859400.0,0,2022-05-05 13:42:13.636,0,0,1,2022-05-05
AAPL,5831,163.14,D,100.0,2,61.0,2645440.0,433078900.0,0,2022-05-05 13:42:13.802,0,0,1,2022-05-05
AAPL,121,163.13,X,100.0,2,-2.95,23533.0,3847337.6,0,2022-05-05 13:42:12.161,0,0,1,2022-05-05
AAPL,3039,163.14,Z,100.0,1,-2.89,512823.0,83875648.0,0,2022-05-05 13:42:13.803,0,0,1,2022-05-05
AAPL,1320,163.14,J,100.0,1,-3.0,177305.0,28984335.0,0,2022-05-05 13:42:13.803,0,0,1,2022-05-05
AAPL,2437,163.15,K,119.0,1,-2.81,502981.0,82334143.0,0,2022-05-05 13:42:13.880,0,0,1,2022-05-05
AAPL,3536,163.16,P,100.0,1,-2.97,749764.0,122817777.0,0,2022-05-05 13:42:13.910,0,0,1,2022-05-05
AAPL,438,163.16,N,100.0,2,-2.78,63666.0,10403078.0,0,2022-05-05 13:42:13.910,0,0,1,2022-05-05
AAPL,504,163.12,H,100.0,2,-2.82,64153.0,10473774.2,0,2022-05-05 13:42:13.175,0,0,1,2022-05-05
AAPL,5834,163.14,D,100.0,1,61.0,2648416.0,433564430.0,0,2022-05-05 13:42:13.802,0,0,1,2022-05-05
AAPL,101823,163.15,K,105.0,1,-2.86,7349265.0,1202780680.0,0,2022-05-05 13:42:14.579,0,0,0,2022-05-05
AAPL,6474,163.15,Q,100.0,1,-2.86,2198704.0,359788940.0,0,2022-05-05 13:42:14.280,0,0,1,2022-05-05
AAPL,3538,163.14,P,100.0,2,61.0,749964.0,122850405.0,0,2022-05-05 13:42:14.401,0,0,1,2022-05-05
AAPL,2439,163.15,K,105.0,1,-2.81,503381.0,82399403.0,0,2022-05-05 13:42:14.579,0,0,1,2022-05-05
AAPL,3039,163.14,Z,100.0,1,-2.89,512878.0,83884621.0,0,2022-05-05 13:42:13.803,0,0,1,2022-05-05
AAPL,3039,163.14,Z,100.0,1,-2.89,513046.0,83912032.0,0,2022-05-05 13:42:13.803,0,0,1,2022-05-05
AAPL,101854,163.175,D,202.0,1,-2.844,7350938.0,1203053660.0,0,2022-05-05 13:42:14.755,0,0,0,2022-05-05
AAPL,1485,163.16,U,100.0,1,-2.94,197123.0,32216328.0,0,2022-05-05 13:42:14.638,0,0,1,2022-05-05
AAPL,505,163.16,H,100.0,1,-2.78,64253.0,10490090.2,0,2022-05-05 13:42:14.638,0,0,1,2022-05-05
AAPL,6476,163.18,Q,100.0,1,-2.83,2198914.0,359823200.0,0,2022-05-05 13:42:14.809,0,0,1,2022-05-05
AAPL,5838,163.175,D,202.0,1,-2.964,2649302.0,433709000.0,0,2022-05-05 13:42:14.755,0,0,1,2022-05-05
AAPL,1321,163.18,J,100.0,1,-2.96,177405.0,29000653.0,0,2022-05-05 13:42:14.809,0,0,1,2022-05-05
AAPL,3539,163.18,P,100.0,1,-2.95,750064.0,122866723.0,0,2022-05-05 13:42:14.809,0,0,1,2022-05-05
AAPL,969,163.13,V,100.0,2,-3.01,170374.0,27860869.0,0,2022-05-05 13:42:13.636,0,0,1,2022-05-05
AAPL,6479,163.13,Q,100.0,2,-2.88,2199214.0,359872150.0,0,2022-05-05 13:42:15.319,0,0,1,2022-05-05
AAPL,101881,163.13,Q,100.0,2,-2.88,7352789.0,1203355640.0,0,2022-05-05 13:42:15.319,0,0,0,2022-05-05
AAPL,2441,163.15,K,300.0,1,-2.81,504181.0,82529923.0,0,2022-05-05 13:42:15.116,0,0,1,2022-05-05
AAPL,3040,163.15,Z,100.0,1,-2.88,513205.0,83937973.0,0,2022-05-05 13:42:15.116,0,0,1,2022-05-05
AAPL,1486,163.15,U,100.0,2,-2.95,197223.0,32232643.0,0,2022-05-05 13:42:15.116,0,0,1,2022-05-05
AAPL,3539,163.18,P,100.0,1,-2.95,750066.0,122867049.0,0,2022-05-05 13:42:14.809,0,0,1,2022-05-05
AAPL,969,163.13,V,100.0,2,-3.01,170390.0,27863479.0,0,2022-05-05 13:42:13.636,0,0,1,2022-05-05
AAPL,5840,163.1332,D,100.0,2,-3.0067,2649776.0,433786330.0,0,2022-05-05 13:42:15.282,0,0,1,2022-05-05
AAPL,1322,163.14,J,100.0,2,-3.0,177505.0,29016967.0,0,2022-05-05 13:42:15.598,0,0,1,2022-05-05
AAPL,101885,163.14,J,100.0,1,-2.87,7352893.0,1203372610.0,0,2022-05-05 13:42:15.598,0,0,0,2022-05-05
AAPL,3040,163.15,Z,100.0,1,-2.88,513209.0,83938625.0,0,2022-05-05 13:42:15.116,0,0,1,2022-05-05
AAPL,5842,163.13,D,140.0,2,-3.0,2650383.0,433885350.0,0,2022-05-05 13:42:15.664,0,0,1,2022-05-05
AAPL,101936,163.15,Q,100.0,1,-2.86,7355531.0,1203803000.0,0,2022-05-05 13:42:16.087,0,0,0,2022-05-05
AAPL,1323,163.16,J,100.0,1,-2.98,177622.0,29036056.0,0,2022-05-05 13:42:15.963,0,0,1,2022-05-05
AAPL,1487,163.13,U,100.0,2,-2.97,197327.0,32249609.0,0,2022-05-05 13:42:15.861,0,0,1,2022-05-05
AAPL,6488,163.15,Q,100.0,2,-2.86,2200214.0,360035300.0,0,2022-05-05 13:42:16.087,0,0,1,2022-05-05
AAPL,3041,163.15,Z,100.0,1,-2.88,513309.0,83954940.0,0,2022-05-05 13:42:15.874,0,0,1,2022-05-05
AAPL,3540,163.15,P,100.0,2,-2.98,750276.0,122901311.0,0,2022-05-05 13:42:15.874,0,0,1,2022-05-05
AAPL,2442,163.15,K,100.0,1,-2.81,504281.0,82546238.0,0,2022-05-05 13:42:15.874,0,0,1,2022-05-05
AAPL,971,163.15,V,100.0,1,61.0,170590.0,27896109.0,0,2022-05-05 13:42:15.874,0,0,1,2022-05-05
AAPL,507,163.15,H,100.0,2,-2.79,64453.0,10522721.2,0,2022-05-05 13:42:15.969,0,0,1,2022-05-05
AAPL,5845,163.1308,D,200.0,2,-3.0091,2651011.0,433987800.0,0,2022-05-05 13:42:16.552,0,0,1,2022-05-05
AAPL,101955,163.1308,D,200.0,2,-2.8891,7356310.0,1203930080.0,0,2022-05-05 13:42:16.552,0,0,0,2022-05-05
AAPL,972,163.14,V,100.0,2,-3.0,170690.0,27912423.0,0,2022-05-05 13:42:16.342,0,0,1,2022-05-05
AAPL,6488,163.15,Q,100.0,2,-2.86,2200215.0,360035460.0,0,2022-05-05 13:42:16.087,0,0,1,2022-05-05
AAPL,2442,163.15,K,100.0,1,-2.81,504331.0,82554395.0,0,2022-05-05 13:42:15.874,0,0,1,2022-05-05
AAPL,5846,163.15,D,100.0,1,-2.98,2651222.0,434022230.0,0,2022-05-05 13:42:16.645,0,0,1,2022-05-05
AAPL,101960,163.15,D,100.0,1,-2.86,7356521.0,1203964510.0,0,2022-05-05 13:42:16.645,0,0,0,2022-05-05
AAPL,3542,163.16,P,200.0,1,-2.97,750576.0,122950256.0,0,2022-05-05 13:42:17.368,0,0,1,2022-05-05
AAPL,102016,163.1802,D,300.0,1,-2.8397,7360220.0,1204568030.0,0,2022-05-05 13:42:17.587,0,0,0,2022-05-05
AAPL,5848,163.1802,D,300.0,1,-2.9597,2652724.0,434267290.0,0,2022-05-05 13:42:17.587,0,0,1,2022-05-05
